
  <marc:record>
    <marc:leader>00703nam a2200205 a 450</marc:leader>
    <marc:controlfield tag="001">0074993</marc:controlfield>
    <marc:controlfield tag="008">050615b 1 eng</marc:controlfield>
    <marc:datafield tag="100" ind1="0" ind2=" ">
      <marc:subfield code="a">Christie, Agatha</marc:subfield>
      <marc:subfield code="d">1890-1976</marc:subfield>
      <marc:subfield code="4">aut</marc:subfield>
      <marc:subfield code="0">http://viaf.org/viaf/71388952</marc:subfield>
    </marc:datafield>
    <marc:datafield tag="240" ind1="1" ind2=" ">
      <marc:subfield code="a">Evil under the sun</marc:subfield>
      <marc:subfield code="1">http://viaf.org/viaf/184807703</marc:subfield>
    </marc:datafield>
    <marc:datafield tag="245" ind1="1" ind2="0">
      <marc:subfield code="a">Evil under the sun /</marc:subfield>
      <marc:subfield code="c">Agatha Christie</marc:subfield>
    </marc:datafield>
    <marc:datafield tag="260" ind1=" " ind2=" ">
      <marc:subfield code="a">[London] :</marc:subfield>
      <marc:subfield code="b">Collin,</marc:subfield>
      <marc:subfield code="c">1972</marc:subfield>
    </marc:datafield>
    <marc:datafield tag="300" ind1=" " ind2=" ">
      <marc:subfield code="a">189 s. :</marc:subfield>
      <marc:subfield code="b">kart</marc:subfield>
    </marc:datafield>
    <marc:datafield tag="336" ind1=" " ind2=" ">
      <marc:subfield code="a">text</marc:subfield>
      <marc:subfield code="b">txt</marc:subfield>
      <marc:subfield code="2">rdacontent</marc:subfield>
      <marc:subfield code="0">http://rdaregistry.info/termList/RDAContentType/1020</marc:subfield>
    </marc:datafield>
    <marc:datafield tag="337" ind1=" " ind2=" ">
      <marc:subfield code="a">unmediated</marc:subfield>
      <marc:subfield code="b">n</marc:subfield>
      <marc:subfield code="2">rdamedia</marc:subfield>
      <marc:subfield code="0">http://rdaregistry.info/termList/RDAMediaType/1007</marc:subfield>
    </marc:datafield>
    <marc:datafield tag="338" ind1=" " ind2=" ">
      <marc:subfield code="a">volume</marc:subfield>
      <marc:subfield code="b">nc</marc:subfield>
      <marc:subfield code="2">rdacarrier</marc:subfield>
      <marc:subfield code="0">http://rdaregistry.info/termList/RDACarrierType/1001</marc:subfield>
    </marc:datafield>
    <marc:datafield tag="380" ind1=" " ind2=" ">
      <marc:subfield code="a">novel</marc:subfield>
      <marc:subfield code="0">http://id.loc.gov/vocabulary/marcgt/nov</marc:subfield>
      <marc:subfield code="2">marcgt</marc:subfield>
    </marc:datafield>
    <marc:datafield tag="490" ind1=" " ind2=" ">
      <marc:subfield code="a">Fontana books</marc:subfield>
    </marc:datafield>
    <marc:datafield tag="546" ind1=" " ind2=" ">
      <marc:subfield code="a">Engelsk tekst</marc:subfield>
    </marc:datafield>
    <marc:datafield tag="503" ind1=" " ind2=" ">
      <marc:subfield code="a">Første gang utgitt i 1941</marc:subfield>
    </marc:datafield>
    <marc:datafield tag="655" ind1=" " ind2=" ">
      <marc:subfield code="a">Kriminal</marc:subfield>
    </marc:datafield>
    <marc:datafield tag="850" ind1=" " ind2=" ">
      <marc:subfield code="a">Narvik bibliotek/Nordland fylkesbibliotek avd. Narvik</marc:subfield>
      <marc:subfield code="b">Hovedbibl., voksenavd.</marc:subfield>
      <marc:subfield code="c">magasin</marc:subfield>
    </marc:datafield>
  </marc:record>