
  <marc:record>
    <marc:leader>01530nim a2200277 a 450</marc:leader>
    <marc:controlfield tag="001">0082625</marc:controlfield>
    <marc:controlfield tag="008">060710b 1 nob</marc:controlfield>
    <marc:datafield tag="020" ind1=" " ind2=" ">
      <marc:subfield code="a">82-421-1965-1 :</marc:subfield>
      <marc:subfield code="c">Nkr 399.00</marc:subfield>
    </marc:datafield>
    <marc:datafield tag="020" ind1=" " ind2=" ">
      <marc:subfield code="a">978-82-421-1965-0</marc:subfield>
    </marc:datafield>
    <marc:datafield tag="041" ind1="1" ind2=" ">
      <marc:subfield code="d">nor</marc:subfield>
      <marc:subfield code="h">eng</marc:subfield>
    </marc:datafield>
    <marc:datafield tag="240" ind1="1" ind2=" ">
      <marc:subfield code="a">The Murder Of Roger Ackroyd</marc:subfield>
      <marc:subfield code="1">http://viaf.org/viaf/217048217</marc:subfield>
    </marc:datafield>
    <marc:datafield tag="100" ind1="1" ind2=" ">
      <marc:subfield code="a">Christie, Agatha</marc:subfield>
      <marc:subfield code="d">1890-1976</marc:subfield>
      <marc:subfield code="4">aut</marc:subfield>
      <marc:subfield code="0">http://viaf.org/viaf/71388952</marc:subfield>
    </marc:datafield>
    <marc:datafield tag="240" ind1="1" ind2=" ">
      <marc:subfield code="a">The Murder Of Roger Ackroyd</marc:subfield>
      <marc:subfield code="1">http://viaf.org/viaf/217048217</marc:subfield>
    </marc:datafield>
    <marc:datafield tag="245" ind1="1" ind2="0">
      <marc:subfield code="a">Doktoren mister en pasient /</marc:subfield>
      <marc:subfield code="c">Agatha Christie ; oversatt av R.A. Arentz</marc:subfield>
      <marc:subfield code="h">lydopptak</marc:subfield>
    </marc:datafield>
    <marc:datafield tag="260" ind1=" " ind2=" ">
      <marc:subfield code="a">[Melhus] :</marc:subfield>
      <marc:subfield code="b">Lydbokforl.,</marc:subfield>
      <marc:subfield code="c">2006</marc:subfield>
    </marc:datafield>
    <marc:datafield tag="300" ind1=" " ind2=" ">
      <marc:subfield code="a">7 kompaktplater (8 t, 14 min)</marc:subfield>
    </marc:datafield>
    <marc:datafield tag="336" ind1=" " ind2=" ">
      <marc:subfield code="a">spoken word</marc:subfield>
      <marc:subfield code="b">spw</marc:subfield>
      <marc:subfield code="2">rdacontent</marc:subfield>
      <marc:subfield code="0">http://rdaregistry.info/termList/RDACarrierType/1013</marc:subfield>
    </marc:datafield>
    <marc:datafield tag="337" ind1=" " ind2=" ">
      <marc:subfield code="a">audio</marc:subfield>
      <marc:subfield code="b">s</marc:subfield>
      <marc:subfield code="2">rdamedia</marc:subfield>
      <marc:subfield code="0">http://rdaregistry.info/termList/RDAMediaType/1001</marc:subfield>
    </marc:datafield>
    <marc:datafield tag="338" ind1=" " ind2=" ">
      <marc:subfield code="a">audio disc</marc:subfield>
      <marc:subfield code="b">sd</marc:subfield>
      <marc:subfield code="2">rdacarrier</marc:subfield>
      <marc:subfield code="0">http://rdaregistry.info/termList/RDACarrierType/1004</marc:subfield>
    </marc:datafield>
    <marc:datafield tag="380" ind1=" " ind2=" ">
      <marc:subfield code="a">nonmusical sound</marc:subfield>
      <marc:subfield code="0">http://id.loc.gov/vocabulary/marcgt/nos</marc:subfield>
      <marc:subfield code="2">marcgt</marc:subfield>
    </marc:datafield>
    <marc:datafield tag="511" ind1="0" ind2=" ">
      <marc:subfield code="a">Lest av Per Frisch</marc:subfield>
    </marc:datafield>
    <marc:datafield tag="520" ind1=" " ind2=" ">
      <marc:subfield code="a">Roger Ackroyd blir funnet myrdet på sitt gods, beliggende like utenfor en koselig engelsk småby. Den idylliske landsbyatmosfæren viker straks plass for sladder og mistanke, og den ferierende Hercule Poirot går motvillig med på å ta hånd om etterforskningen.</marc:subfield>
    </marc:datafield>
    <marc:datafield tag="574" ind1=" " ind2=" ">
      <marc:subfield code="a">Originaltittel: The murder of Roger Ackroyd</marc:subfield>
    </marc:datafield>
    <marc:datafield tag="655" ind1=" " ind2=" ">
      <marc:subfield code="a">Kriminal</marc:subfield>
      <marc:subfield code="2">BS</marc:subfield>
    </marc:datafield>
    <marc:datafield tag="700" ind1=" " ind2=" ">
      <marc:subfield code="a">Arentz, R.A.,</marc:subfield>
      <marc:subfield code="4">trl</marc:subfield>
      <marc:subfield code="0">http://viaf.org/viaf/179147423157144881771</marc:subfield>
    </marc:datafield>
    <marc:datafield tag="700" ind1=" " ind2=" ">
      <marc:subfield code="a">Frisch, Per,</marc:subfield>
      <marc:subfield code="d">1951-,</marc:subfield>
      <marc:subfield code="4">nrt</marc:subfield>
      <marc:subfield code="0">http://viaf.org/viaf/229606047</marc:subfield>
    </marc:datafield>
    <marc:datafield tag="850" ind1=" " ind2=" ">
      <marc:subfield code="a">Narvik bibliotek/Nordland fylkesbibliotek avd. Narvik</marc:subfield>
      <marc:subfield code="b">Fylkesbibl., voksenavd.</marc:subfield>
      <marc:subfield code="c">lydbok</marc:subfield>
    </marc:datafield>
  </marc:record>