
  <marc:record>
    <marc:leader>01697ngm a22003370  4500</marc:leader>
    <marc:controlfield tag="001">0037945</marc:controlfield>
    <marc:controlfield tag="008">041217b 1 mul</marc:controlfield>
    <marc:datafield tag="041" ind1="1" ind2=" ">
      <marc:subfield code="a">eng</marc:subfield>
      <marc:subfield code="b">nobswedanfin</marc:subfield>
    </marc:datafield>
    <marc:datafield tag="245" ind1="0" ind2="0">
      <marc:subfield code="a">Mord på Orientekspressen /</marc:subfield>
      <marc:subfield code="c">written by Paul Dehn ; directed by Sidney Lumet</marc:subfield>
      <marc:subfield code="h">DVD</marc:subfield>
    </marc:datafield>
    <marc:datafield tag="260" ind1=" " ind2=" ">
      <marc:subfield code="b">Star Media Entertainment</marc:subfield>
      <marc:subfield code="a">[Oslo]</marc:subfield>
      <marc:subfield code="c">[2003]</marc:subfield>
    </marc:datafield>
    <marc:datafield tag="300" ind1=" " ind2=" ">
      <marc:subfield code="a">1 DVD (2 t, 2 min) :</marc:subfield>
      <marc:subfield code="b">lyd, kol.</marc:subfield>
    </marc:datafield>
    <marc:datafield tag="336" ind1=" " ind2=" ">
      <marc:subfield code="a">two-dimensional moving image</marc:subfield>
      <marc:subfield code="b">tdi</marc:subfield>
      <marc:subfield code="2">rdacontent</marc:subfield>
      <marc:subfield code="0">http://rdaregistry.info/termList/RDAContentType/1023</marc:subfield>
    </marc:datafield>
    <marc:datafield tag="337" ind1=" " ind2=" ">
      <marc:subfield code="a">video</marc:subfield>
      <marc:subfield code="b">v</marc:subfield>
      <marc:subfield code="2">rdamedia</marc:subfield>
      <marc:subfield code="0">http://rdaregistry.info/termList/RDAMediaType/1008</marc:subfield>
    </marc:datafield>
    <marc:datafield tag="338" ind1=" " ind2=" ">
      <marc:subfield code="a">videodisc</marc:subfield>
      <marc:subfield code="b">vd</marc:subfield>
      <marc:subfield code="2">rdacarrier</marc:subfield>
      <marc:subfield code="0">http://rdaregistry.info/termList/RDACarrierType/1060</marc:subfield>
    </marc:datafield>
    <marc:datafield tag="380" ind1=" " ind2=" ">
      <marc:subfield code="a">motion picture</marc:subfield>
      <marc:subfield code="0">http://id.loc.gov/vocabulary/marcgt/mot</marc:subfield>
      <marc:subfield code="2">marcgt</marc:subfield>
    </marc:datafield>
    <marc:datafield tag="500" ind1=" " ind2=" ">
      <marc:subfield code="a">Basert på: Mord på Orientekspressen / Agatha Christie</marc:subfield>
    </marc:datafield>
    <marc:datafield tag="503" ind1=" " ind2=" ">
      <marc:subfield code="a">Filmen laget: 1974</marc:subfield>
    </marc:datafield>
    <marc:datafield tag="511" ind1="0" ind2=" ">
      <marc:subfield code="a">I rollene: Sean Connery, Vanessa Redgrave, Ingrid Bergman m.fl.</marc:subfield>
    </marc:datafield>
    <marc:datafield tag="521" ind1=" " ind2=" ">
      <marc:subfield code="a">Aldersgrense 15 år</marc:subfield>
    </marc:datafield>
    <marc:datafield tag="653" ind1=" " ind2=" ">
      <marc:subfield code="a">Spenningsfilmer</marc:subfield>
    </marc:datafield>
    <marc:datafield tag="655" ind1=" " ind2=" ">
      <marc:subfield code="a">DVD</marc:subfield>
    </marc:datafield>
    <marc:datafield tag="655" ind1=" " ind2=" ">
      <marc:subfield code="a">Filmatisert bok</marc:subfield>
    </marc:datafield>
    <marc:datafield tag="655" ind1=" " ind2=" ">
      <marc:subfield code="a">Kriminal</marc:subfield>
    </marc:datafield>
    <marc:datafield tag="655" ind1=" " ind2=" ">
      <marc:subfield code="a">Spillefilm</marc:subfield>
    </marc:datafield>
    <marc:datafield tag="700" ind1=" " ind2=" ">
      <marc:subfield code="a">Bergman, Ingrid,</marc:subfield>
      <marc:subfield code="0">https://www.imdb.com/name/nm0000006</marc:subfield>
      <marc:subfield code="d">1915-1982,</marc:subfield>
      <marc:subfield code="4">act</marc:subfield>
    </marc:datafield>
    <marc:datafield tag="700" ind1="1" ind2=" ">
      <marc:subfield code="a">Connery, Sean,</marc:subfield>
      <marc:subfield code="0">https://www.imdb.com/name/nm0000125</marc:subfield>
      <marc:subfield code="d">1930-,</marc:subfield>
      <marc:subfield code="4">act</marc:subfield>
    </marc:datafield>
    <marc:datafield tag="700" ind1=" " ind2=" ">
      <marc:subfield code="a">Dehn, Paul,</marc:subfield>
      <marc:subfield code="0">https://www.imdb.com/name/nm0214989</marc:subfield>
      <marc:subfield code="d">1912-1976,</marc:subfield>
      <marc:subfield code="4">aus</marc:subfield>
    </marc:datafield>
    <marc:datafield tag="700" ind1=" " ind2=" ">
      <marc:subfield code="a">Lumet, Sidney,</marc:subfield>
      <marc:subfield code="0">https://www.imdb.com/name/nm0001486</marc:subfield>
      <marc:subfield code="d">1924-,</marc:subfield>
      <marc:subfield code="4">drt</marc:subfield>
    </marc:datafield>
    <marc:datafield tag="700" ind1=" " ind2=" ">
      <marc:subfield code="a">Redgrave, Vanessa,</marc:subfield>
      <marc:subfield code="0">https://www.imdb.com/name/nm0000603</marc:subfield>
      <marc:subfield code="d">1937-,</marc:subfield>
      <marc:subfield code="4">act</marc:subfield>
    </marc:datafield>
    <marc:datafield tag="700" ind1=" " ind2=" ">
      <marc:subfield code="a">Christie, Agatha</marc:subfield>
      <marc:subfield code="0">http://viaf.org/viaf/71388952</marc:subfield>
      <marc:subfield code="d">1890-1976,</marc:subfield>
      <marc:subfield code="t">Mord på Orientekspressen</marc:subfield>
      <marc:subfield code="1">http://viaf.org/viaf/316741387</marc:subfield>
      <marc:subfield code="4">http://rdaregistry.info/Elements/w/adaptationOfWork.en</marc:subfield>
    </marc:datafield>
    <marc:datafield tag="740" ind1=" " ind2=" ">
      <marc:subfield code="a">Murder on the Orient Express</marc:subfield>
    </marc:datafield>
    <marc:datafield tag="850" ind1=" " ind2=" ">
      <marc:subfield code="a">Nittedal bibliotek</marc:subfield>
      <marc:subfield code="b">Nittedal bibliotek, voksenavd.</marc:subfield>
      <marc:subfield code="c">Filmer</marc:subfield>
    </marc:datafield>
  </marc:record>