
  <marc:record>
    <marc:leader>01461ngm a22003490  4500</marc:leader>
    <marc:controlfield tag="001">0037874</marc:controlfield>
    <marc:controlfield tag="008">041209b 1 mul</marc:controlfield>
    <marc:datafield tag="041" ind1="1" ind2=" ">
      <marc:subfield code="h">eng</marc:subfield>
      <marc:subfield code="q">eng</marc:subfield>
    </marc:datafield>
    <marc:datafield tag="245" ind1="0" ind2="0">
      <marc:subfield code="a">Solen var vitne /</marc:subfield>
      <marc:subfield code="c">dramatised by Clive Exton ; directed by Andrew Grieve</marc:subfield>
      <marc:subfield code="h">DVD</marc:subfield>
    </marc:datafield>
    <marc:datafield tag="260" ind1=" " ind2=" ">
      <marc:subfield code="b">SF Norge</marc:subfield>
      <marc:subfield code="a">Oslo</marc:subfield>
      <marc:subfield code="c">[2004]</marc:subfield>
    </marc:datafield>
    <marc:datafield tag="300" ind1=" " ind2=" ">
      <marc:subfield code="a">1 DVD (1 t, 39 min) :</marc:subfield>
      <marc:subfield code="b">lyd, kol.</marc:subfield>
    </marc:datafield>
    <marc:datafield tag="336" ind1=" " ind2=" ">
      <marc:subfield code="a">two-dimensional moving image</marc:subfield>
      <marc:subfield code="b">tdi</marc:subfield>
      <marc:subfield code="2">rdacontent</marc:subfield>
      <marc:subfield code="0">http://rdaregistry.info/termList/RDAContentType/1023</marc:subfield>
    </marc:datafield>
    <marc:datafield tag="337" ind1=" " ind2=" ">
      <marc:subfield code="a">video</marc:subfield>
      <marc:subfield code="b">v</marc:subfield>
      <marc:subfield code="2">rdamedia</marc:subfield>
      <marc:subfield code="0">http://rdaregistry.info/termList/RDAMediaType/1008</marc:subfield>
    </marc:datafield>
    <marc:datafield tag="338" ind1=" " ind2=" ">
      <marc:subfield code="a">videodisc</marc:subfield>
      <marc:subfield code="b">vd</marc:subfield>
      <marc:subfield code="2">rdacarrier</marc:subfield>
      <marc:subfield code="0">http://rdaregistry.info/termList/RDACarrierType/1060</marc:subfield>
    </marc:datafield>
    <marc:datafield tag="380" ind1=" " ind2=" ">
      <marc:subfield code="a">motion picture</marc:subfield>
      <marc:subfield code="0">http://id.loc.gov/vocabulary/marcgt/mot</marc:subfield>
      <marc:subfield code="2">marcgt</marc:subfield>
    </marc:datafield>
    <marc:datafield tag="490" ind1=" " ind2="0">
      <marc:subfield code="a">Agatha Christie's Poirot</marc:subfield>
    </marc:datafield>
    <marc:datafield tag="500" ind1=" " ind2=" ">
      <marc:subfield code="a">Basert på: Solen var vitne / Agatha Christie</marc:subfield>
    </marc:datafield>
    <marc:datafield tag="503" ind1=" " ind2=" ">
      <marc:subfield code="a">Filmen laget: 2001</marc:subfield>
    </marc:datafield>
    <marc:datafield tag="511" ind1="0" ind2=" ">
      <marc:subfield code="a">I rollene: David Suchet (Hercule Poirot) m.fl.</marc:subfield>
    </marc:datafield>
    <marc:datafield tag="521" ind1=" " ind2=" ">
      <marc:subfield code="a">Aldersgrense 11 år</marc:subfield>
    </marc:datafield>
    <marc:datafield tag="546" ind1=" " ind2=" ">
      <marc:subfield code="a">Engelsk tale, norsk tekst</marc:subfield>
    </marc:datafield>
    <marc:datafield tag="653" ind1=" " ind2=" ">
      <marc:subfield code="a">Spenningsfilmer</marc:subfield>
    </marc:datafield>
    <marc:datafield tag="655" ind1=" " ind2=" ">
      <marc:subfield code="a">DVD</marc:subfield>
    </marc:datafield>
    <marc:datafield tag="655" ind1=" " ind2=" ">
      <marc:subfield code="a">Filmatisert bok</marc:subfield>
    </marc:datafield>
    <marc:datafield tag="655" ind1=" " ind2=" ">
      <marc:subfield code="a">Kriminal</marc:subfield>
    </marc:datafield>
    <marc:datafield tag="655" ind1=" " ind2=" ">
      <marc:subfield code="a">Spillefilm</marc:subfield>
    </marc:datafield>
    <marc:datafield tag="700" ind1=" " ind2=" ">
      <marc:subfield code="a">Exton, Clive,</marc:subfield>
      <marc:subfield code="1">https://www.imdb.com/name/nm0264088</marc:subfield>
      <marc:subfield code="4">aus</marc:subfield>
    </marc:datafield>
    <marc:datafield tag="700" ind1=" " ind2=" ">
      <marc:subfield code="a">Grieve, Andrew,</marc:subfield>
      <marc:subfield code="1">https://www.imdb.com/name/nm0341021</marc:subfield>
      <marc:subfield code="d">1939-,</marc:subfield>
      <marc:subfield code="4">drt</marc:subfield>
    </marc:datafield>
    <marc:datafield tag="700" ind1=" " ind2=" ">
      <marc:subfield code="a">Suchet, David,</marc:subfield>
      <marc:subfield code="1">https://www.imdb.com/name/nm0837064</marc:subfield>
      <marc:subfield code="d">1946-,</marc:subfield>
      <marc:subfield code="4">act</marc:subfield>
    </marc:datafield>
    <marc:datafield tag="700" ind1=" " ind2=" ">
      <marc:subfield code="a">Christie, Agatha</marc:subfield>
      <marc:subfield code="d">1890-1976,</marc:subfield>
      <marc:subfield code="t">Solen var vitne</marc:subfield>
      <marc:subfield code="1">http://viaf.org/viaf/184807703</marc:subfield>
      <marc:subfield code="4">http://rdaregistry.info/Elements/w/adaptationOfWork.en</marc:subfield>
    </marc:datafield>
    <marc:datafield tag="740" ind1=" " ind2=" ">
      <marc:subfield code="a">Evil under the sun</marc:subfield>
    </marc:datafield>
    <marc:datafield tag="740" ind1="0" ind2=" ">
      <marc:subfield code="a">Poirot</marc:subfield>
    </marc:datafield>
    <marc:datafield tag="850" ind1=" " ind2=" ">
      <marc:subfield code="a">Nittedal bibliotek</marc:subfield>
      <marc:subfield code="b">Nittedal bibliotek, voksenavd.</marc:subfield>
      <marc:subfield code="c">Filmer</marc:subfield>
    </marc:datafield>
  </marc:record>