
  <marc:record>
    <marc:leader>01100nam a2200277 a 450</marc:leader>
    <marc:controlfield tag="001">0025206</marc:controlfield>
    <marc:controlfield tag="008">991105b 1 nob</marc:controlfield>
    <marc:datafield tag="020" ind1=" " ind2=" ">
      <marc:subfield code="a">82-03-20347-7</marc:subfield>
    </marc:datafield>
    <marc:datafield tag="041" ind1="1" ind2=" ">
      <marc:subfield code="h">eng</marc:subfield>
    </marc:datafield>
    <marc:datafield tag="100" ind1="1" ind2=" ">
      <marc:subfield code="a">Christie, Agatha</marc:subfield>
      <marc:subfield code="d">1890-1976</marc:subfield>
      <marc:subfield code="4">aut</marc:subfield>
      <marc:subfield code="0">http://viaf.org/viaf/71388952</marc:subfield>
    </marc:datafield>
    <marc:datafield tag="245" ind1="1" ind2="0">
      <marc:subfield code="a">Døden i flyet ; Huset i Hickory road ; Tragedie i tre akter /</marc:subfield>
      <marc:subfield code="c">Agatha Christie ; [Døden i flyet] oversatt av Liv Malling ; [Huset i Hickory road] oversatt av Axel S. Seeberg ; [Tragedie i tre akter] oversatt av Sigmund S. Kostøl</marc:subfield>
    </marc:datafield>
    <marc:datafield tag="260" ind1=" " ind2=" ">
      <marc:subfield code="b">Aschehoug</marc:subfield>
      <marc:subfield code="a">Oslo</marc:subfield>
      <marc:subfield code="c">1998</marc:subfield>
    </marc:datafield>
    <marc:datafield tag="300" ind1=" " ind2=" ">
      <marc:subfield code="a">506 s.</marc:subfield>
    </marc:datafield>
    <marc:datafield tag="336" ind1=" " ind2=" ">
      <marc:subfield code="a">text</marc:subfield>
      <marc:subfield code="b">txt</marc:subfield>
      <marc:subfield code="2">rdacontent</marc:subfield>
      <marc:subfield code="0">http://rdaregistry.info/termList/RDAContentType/1020</marc:subfield>
    </marc:datafield>
    <marc:datafield tag="337" ind1=" " ind2=" ">
      <marc:subfield code="a">unmediated</marc:subfield>
      <marc:subfield code="b">n</marc:subfield>
      <marc:subfield code="2">rdamedia</marc:subfield>
      <marc:subfield code="0">http://rdaregistry.info/termList/RDAMediaType/1007</marc:subfield>
    </marc:datafield>
    <marc:datafield tag="338" ind1=" " ind2=" ">
      <marc:subfield code="a">volume</marc:subfield>
      <marc:subfield code="b">nc</marc:subfield>
      <marc:subfield code="2">rdacarrier</marc:subfield>
      <marc:subfield code="0">http://rdaregistry.info/termList/RDACarrierType/1001</marc:subfield>
    </marc:datafield>
    <marc:datafield tag="380" ind1=" " ind2=" ">
      <marc:subfield code="a">novel</marc:subfield>
      <marc:subfield code="0">http://id.loc.gov/vocabulary/marcgt/nov</marc:subfield>
      <marc:subfield code="2">marcgt</marc:subfield>
    </marc:datafield>
    <marc:datafield tag="490" ind1=" " ind2="0">
      <marc:subfield code="a">En gigantbok fra Aschehoug</marc:subfield>
    </marc:datafield>
    <marc:datafield tag="503" ind1=" " ind2=" ">
      <marc:subfield code="a">1. norske utg.: 1951 ; 1975 ; 1975</marc:subfield>
    </marc:datafield>
    <marc:datafield tag="574" ind1=" " ind2=" ">
      <marc:subfield code="a">Originaltitler: Death in the clouds ; Hicory, dickory, dock ; Three act  tragedy</marc:subfield>
    </marc:datafield>
    <marc:datafield tag="655" ind1=" " ind2=" ">
      <marc:subfield code="a">Kriminal</marc:subfield>
    </marc:datafield>
    <marc:datafield tag="700" ind1=" " ind2=" ">
      <marc:subfield code="a">Malling, Liv</marc:subfield>
      <marc:subfield code="4">trl</marc:subfield>
      <marc:subfield code="0">http://viaf.org/viaf/30549876</marc:subfield>
    </marc:datafield>
    <marc:datafield tag="700" ind1=" " ind2=" ">
      <marc:subfield code="a">Seeberg, Axel Segelcke,</marc:subfield>
      <marc:subfield code="d">1914-1994,</marc:subfield>
      <marc:subfield code="0">http://viaf.org/viaf/288294356</marc:subfield>
      <marc:subfield code="d">1914-1994,</marc:subfield>
      <marc:subfield code="4">trl</marc:subfield>
    </marc:datafield>
    <marc:datafield tag="700" ind1=" " ind2=" ">
      <marc:subfield code="a">Kostøl, Sigmun S.</marc:subfield>
      <marc:subfield code="d">1927-,</marc:subfield>
      <marc:subfield code="4">trl</marc:subfield>
      <marc:subfield code="0">http://viaf.org/viaf/223340340</marc:subfield>
    </marc:datafield>
    <marc:datafield tag="740" ind1=" " ind2=" ">
      <marc:subfield code="a">Death in the clouds</marc:subfield>
    </marc:datafield>
    <marc:datafield tag="740" ind1=" " ind2=" ">
      <marc:subfield code="a">Huset i Hickory Road</marc:subfield>
    </marc:datafield>
    <marc:datafield tag="740" ind1=" " ind2=" ">
      <marc:subfield code="a">Three act tragedy</marc:subfield>
    </marc:datafield>
    <marc:datafield tag="740" ind1=" " ind2=" ">
      <marc:subfield code="a">Tragedie i tre akter</marc:subfield>
    </marc:datafield>
    <marc:datafield tag="740" ind1="0" ind2="2">
      <marc:subfield code="a">Hickory, dickory, dock</marc:subfield>
    </marc:datafield>
    <marc:datafield tag="850" ind1=" " ind2=" ">
      <marc:subfield code="a">Nittedal bibliotek</marc:subfield>
      <marc:subfield code="b">Nittedal bibliotek, voksenavd.</marc:subfield>
      <marc:subfield code="c">Krim</marc:subfield>
    </marc:datafield>
  </marc:record>