
  <marc:record>
    <marc:leader>01241nim a2200265 a 450</marc:leader>
    <marc:controlfield tag="001">0044989</marc:controlfield>
    <marc:controlfield tag="007">duuuuuuuuuuuu</marc:controlfield>
    <marc:controlfield tag="008">070222b 1 nob</marc:controlfield>
    <marc:datafield tag="020" ind1=" " ind2=" ">
      <marc:subfield code="a">978-82-421-2138-7 :</marc:subfield>
      <marc:subfield code="c">Nkr 349.00</marc:subfield>
    </marc:datafield>
    <marc:datafield tag="041" ind1="1" ind2=" ">
      <marc:subfield code="d">nor</marc:subfield>
      <marc:subfield code="h">eng</marc:subfield>
    </marc:datafield>
    <marc:datafield tag="100" ind1="1" ind2=" ">
      <marc:subfield code="a">Christie, Agatha</marc:subfield>
      <marc:subfield code="d">1890-1976</marc:subfield>
      <marc:subfield code="4">aut</marc:subfield>
      <marc:subfield code="0">http://viaf.org/viaf/71388952</marc:subfield>
    </marc:datafield>
    <marc:datafield tag="240" ind1="1" ind2="0">
      <marc:subfield code="a">Cards on the table</marc:subfield>
      <marc:subfield code="1">http://viaf.org/viaf/310911986</marc:subfield>
    </marc:datafield>
    <marc:datafield tag="245" ind1="1" ind2="0">
      <marc:subfield code="a">Kortene på bordet /</marc:subfield>
      <marc:subfield code="c">Agatha Christie ; oversatt av Anders Hagerup</marc:subfield>
      <marc:subfield code="h">lydopptak</marc:subfield>
    </marc:datafield>
    <marc:datafield tag="260" ind1=" " ind2=" ">
      <marc:subfield code="b">Lydbokforl.</marc:subfield>
      <marc:subfield code="a">[Melhus]</marc:subfield>
      <marc:subfield code="c">2007</marc:subfield>
    </marc:datafield>
    <marc:datafield tag="300" ind1=" " ind2=" ">
      <marc:subfield code="a">5CD'er (5 t, 27 min)</marc:subfield>
    </marc:datafield>
    <marc:datafield tag="336" ind1=" " ind2=" ">
      <marc:subfield code="a">spoken word</marc:subfield>
      <marc:subfield code="b">spw</marc:subfield>
      <marc:subfield code="2">rdacontent</marc:subfield>
      <marc:subfield code="0">http://rdaregistry.info/termList/RDACarrierType/1013</marc:subfield>
    </marc:datafield>
    <marc:datafield tag="337" ind1=" " ind2=" ">
      <marc:subfield code="a">audio</marc:subfield>
      <marc:subfield code="b">s</marc:subfield>
      <marc:subfield code="2">rdamedia</marc:subfield>
      <marc:subfield code="0">http://rdaregistry.info/termList/RDAMediaType/1001</marc:subfield>
    </marc:datafield>
    <marc:datafield tag="338" ind1=" " ind2=" ">
      <marc:subfield code="a">audio disc</marc:subfield>
      <marc:subfield code="b">sd</marc:subfield>
      <marc:subfield code="2">rdacarrier</marc:subfield>
      <marc:subfield code="0">http://rdaregistry.info/termList/RDACarrierType/1004</marc:subfield>
    </marc:datafield>
    <marc:datafield tag="380" ind1=" " ind2=" ">
      <marc:subfield code="a">nonmusical sound</marc:subfield>
      <marc:subfield code="0">http://id.loc.gov/vocabulary/marcgt/nos</marc:subfield>
      <marc:subfield code="2">marcgt</marc:subfield>
    </marc:datafield>
    <marc:datafield tag="511" ind1="0" ind2=" ">
      <marc:subfield code="a">Lest av Ivar Nergaard</marc:subfield>
    </marc:datafield>
    <marc:datafield tag="520" ind1=" " ind2=" ">
      <marc:subfield code="a">"Kortene på bordet" regnes som en av forfatterens beste "mord i lukkede rom"-bøker. Fire personer er samlet rundt bridgebordet. Verten sitter i en lenestol ved peisen, der han tilsynelatende slapper av. Det viser seg at han er død - myrdet. Ingen andre enn spillerne har vært i rommet, altså er en av dem morderen. Hercule Poirot går i gang med å løse mysteriet.</marc:subfield>
    </marc:datafield>
    <marc:datafield tag="600" ind1="2" ind2="4">
      <marc:subfield code="a">Poirot, Hercule</marc:subfield>
      <marc:subfield code="0">http://viaf.org/viaf/111145541825196601000</marc:subfield>
      <marc:subfield code="4">oth</marc:subfield>
    </marc:datafield>
    <marc:datafield tag="655" ind1=" " ind2=" ">
      <marc:subfield code="a">Lydbok</marc:subfield>
    </marc:datafield>
    <marc:datafield tag="655" ind1=" " ind2=" ">
      <marc:subfield code="a">Kriminal</marc:subfield>
      <marc:subfield code="2">BS</marc:subfield>
    </marc:datafield>
    <marc:datafield tag="700" ind1=" " ind2=" ">
      <marc:subfield code="a">Hagerup, Anders,</marc:subfield>
      <marc:subfield code="0">http://viaf.org/viaf/273694393</marc:subfield>
      <marc:subfield code="d">1904-1979,</marc:subfield>
      <marc:subfield code="4">trl</marc:subfield>
    </marc:datafield>
    <marc:datafield tag="700" ind1=" " ind2=" ">
      <marc:subfield code="a">Nergaard, Ivar,</marc:subfield>
      <marc:subfield code="0">http://viaf.org/viaf/226490849</marc:subfield>
      <marc:subfield code="d">1964-,</marc:subfield>
      <marc:subfield code="4">nrt</marc:subfield>
    </marc:datafield>
    <marc:datafield tag="850" ind1=" " ind2=" ">
      <marc:subfield code="a">Nittedal bibliotek</marc:subfield>
      <marc:subfield code="b">Nittedal bibliotek, voksenavd.</marc:subfield>
      <marc:subfield code="c">Lydbøker</marc:subfield>
    </marc:datafield>
  </marc:record>