
  <marc:record>
    <marc:leader>02205cim a22003253a 4500</marc:leader>
    <marc:controlfield tag="001">mw5rdhfckk2b674d</marc:controlfield>
    <marc:controlfield tag="003">LIBRIS</marc:controlfield>
    <marc:controlfield tag="005">20181207142030.0</marc:controlfield>
    <marc:controlfield tag="007">s</marc:controlfield>
    <marc:controlfield tag="007">cr |||   |||||</marc:controlfield>
    <marc:controlfield tag="008">181207|        |  | |||o||||||f  | swe|d</marc:controlfield>
    <marc:datafield tag="020" ind1=" " ind2=" ">
      <marc:subfield code="a">9789188745323</marc:subfield>
    </marc:datafield>
    <marc:datafield tag="035" ind1=" " ind2=" ">
      <marc:subfield code="a">Elib1079254</marc:subfield>
    </marc:datafield>
    <marc:datafield tag="040" ind1=" " ind2=" ">
      <marc:subfield code="a">SEK</marc:subfield>
      <marc:subfield code="e">a</marc:subfield>
    </marc:datafield>
    <marc:datafield tag="041" ind1="1" ind2=" ">
      <marc:subfield code="a">swe</marc:subfield>
    </marc:datafield>
    <marc:datafield tag="072" ind1=" " ind2="7">
      <marc:subfield code="a">FF</marc:subfield>
      <marc:subfield code="2">bicssc</marc:subfield>
    </marc:datafield>
    <marc:datafield tag="100" ind1="1" ind2=" ">
      <marc:subfield code="a">Christie, Agatha</marc:subfield>
      <marc:subfield code="4">aut</marc:subfield>
      <marc:subfield code="0">http://viaf.org/viaf/71388952</marc:subfield>
    </marc:datafield>
    <marc:datafield tag="245" ind1="1" ind2="0">
      <marc:subfield code="a">Poirots jul</marc:subfield>
      <marc:subfield code="h">[Elektronisk resurs]</marc:subfield>
    </marc:datafield>
    <marc:datafield tag="264" ind1=" " ind2="1">
      <marc:subfield code="b">Bookmark förlag</marc:subfield>
    </marc:datafield>
    <marc:datafield tag="336" ind1=" " ind2=" ">
      <marc:subfield code="a">spoken word</marc:subfield>
      <marc:subfield code="b">spw</marc:subfield>
      <marc:subfield code="2">rdacontent</marc:subfield>
      <marc:subfield code="0">http://rdaregistry.info/termList/RDACarrierType/1013</marc:subfield>
    </marc:datafield>
    <marc:datafield tag="337" ind1=" " ind2=" ">
      <marc:subfield code="a">audio</marc:subfield>
      <marc:subfield code="b">s</marc:subfield>
      <marc:subfield code="2">rdamedia</marc:subfield>
      <marc:subfield code="0">http://rdaregistry.info/termList/RDAMediaType/1001</marc:subfield>
    </marc:datafield>
    <marc:datafield tag="338" ind1=" " ind2=" ">
      <marc:subfield code="a">other</marc:subfield>
      <marc:subfield code="b">sz</marc:subfield>
      <marc:subfield code="2">rdacarrier</marc:subfield>
      <marc:subfield code="0">http://rdaregistry.info/termList/RDACarrierType/1001</marc:subfield>
    </marc:datafield>
    <marc:datafield tag="380" ind1=" " ind2=" ">
      <marc:subfield code="a">nonmusical sound</marc:subfield>
      <marc:subfield code="0">http://id.loc.gov/vocabulary/marcgt/nos</marc:subfield>
      <marc:subfield code="2">marcgt</marc:subfield>
    </marc:datafield>
    <marc:datafield tag="520" ind1=" " ind2=" ">
      <marc:subfield code="a">Att den gamle mannen hade så mycket blod i sig själv! Den åldrade miljonären Simeon Lee har tre vuxna söner. Alla lika försummade som fyllda med hat mot varandra och deras far. Väl medveten om detta, Simeon finner en sadistisk tillfredsställelse i att samla den dysfunktionella familjen för att fira jul tillsammans. Sitter fast i sin rullstol, han ökar tiden för att distribuera trakasserier och det finns ingen brist på konflikter i familjen. Men när Simeon finns i att gömma, gör ingenting ingenting tillsammans. Från hennes fortfarande julfirande heter Hercule Poirot Lee-familjen. När han sätter bitarna ihop i mysteriet, blir de mer mörka hemligheterna av det nyaste upp till vad familjen vill ha. Poirots jul kom ut 1938 och mottogs med mycket fina recensioner. I Sverige har boken upphört trots att det anses vara en av Agatha Christies största romaner. I den nya översättningen av Helen Ljungmark har Agatha Christies romaner haft en enhetlighet som spänner över författarskapet. Avslutade koncept har moderniserats utan att böckerna förlorade en språklig förankring till dess att de skrevs. Samtidigt har en brittisk subtilitet som tidigare ignorerats blivit uppmärksammad. [Elib]</marc:subfield>
    </marc:datafield>
    <marc:datafield tag="599" ind1=" " ind2=" ">
      <marc:subfield code="a">Ändrad av Elib 2018-12-06</marc:subfield>
    </marc:datafield>
    <marc:datafield tag="655" ind1=" " ind2="4">
      <marc:subfield code="0">https://id.kb.se/marc/Fiction</marc:subfield>
    </marc:datafield>
    <marc:datafield tag="655" ind1=" " ind2="4">
      <marc:subfield code="a">Ljudböcker</marc:subfield>
    </marc:datafield>
    <marc:datafield tag="655" ind1=" " ind2="4">
      <marc:subfield code="a">Deckare &amp; spänning</marc:subfield>
    </marc:datafield>
    <marc:datafield tag="700" ind1="1" ind2=" ">
      <marc:subfield code="a">Ljungmark, Helen</marc:subfield>
      <marc:subfield code="4">trl</marc:subfield>
    </marc:datafield>
    <marc:datafield tag="700" ind1="1" ind2=" ">
      <marc:subfield code="a">Lyckow, Maria</marc:subfield>
      <marc:subfield code="4">nrt</marc:subfield>
    </marc:datafield>
    <marc:datafield tag="887" ind1=" " ind2=" ">
      <marc:subfield code="a">{"@id":"mw5rdhfckk2b674d","modified":"2018-12-07T14:20:30.165+01:00","checksum":"55453775569"}</marc:subfield>
      <marc:subfield code="2">librisxl</marc:subfield>
    </marc:datafield>
  </marc:record>