
  <marc:record>
    <marc:leader>21035cim a22033973a 4500</marc:leader>
    <marc:controlfield tag="001">cmq9kc5l931mpsc1</marc:controlfield>
    <marc:controlfield tag="003">LIBRIS</marc:controlfield>
    <marc:controlfield tag="005">20181024141917.0</marc:controlfield>
    <marc:controlfield tag="007">s| |||||||||||</marc:controlfield>
    <marc:controlfield tag="007">cr |||   |||||</marc:controlfield>
    <marc:controlfield tag="008">181024|        |  | |||o||||||f  | swe|d</marc:controlfield>
    <marc:datafield tag="020" ind1=" " ind2=" ">
      <marc:subfield code="a">9789188745255</marc:subfield>
    </marc:datafield>
    <marc:datafield tag="024" ind1="7" ind2=" ">
      <marc:subfield code="5">Afb</marc:subfield>
      <marc:subfield code="a">1077180</marc:subfield>
      <marc:subfield code="2">Distributör: Elib</marc:subfield>
    </marc:datafield>
    <marc:datafield tag="024" ind1="7" ind2=" ">
      <marc:subfield code="5">Biv</marc:subfield>
      <marc:subfield code="a">1077180</marc:subfield>
      <marc:subfield code="2">Distributör: Elib</marc:subfield>
    </marc:datafield>
    <marc:datafield tag="024" ind1="7" ind2=" ">
      <marc:subfield code="5">BoE</marc:subfield>
      <marc:subfield code="a">1077180</marc:subfield>
      <marc:subfield code="2">Distributör: Elib</marc:subfield>
    </marc:datafield>
    <marc:datafield tag="024" ind1="7" ind2=" ">
      <marc:subfield code="5">Elib</marc:subfield>
      <marc:subfield code="a">1077180</marc:subfield>
      <marc:subfield code="2">Distributör: Elib</marc:subfield>
    </marc:datafield>
    <marc:datafield tag="024" ind1="7" ind2=" ">
      <marc:subfield code="5">GbgE</marc:subfield>
      <marc:subfield code="a">1077180</marc:subfield>
      <marc:subfield code="2">Distributör: Elib</marc:subfield>
    </marc:datafield>
    <marc:datafield tag="024" ind1="7" ind2=" ">
      <marc:subfield code="5">Gnes</marc:subfield>
      <marc:subfield code="a">1077180</marc:subfield>
      <marc:subfield code="2">Distributör: Elib</marc:subfield>
    </marc:datafield>
    <marc:datafield tag="024" ind1="7" ind2=" ">
      <marc:subfield code="5">Gnos</marc:subfield>
      <marc:subfield code="a">1077180</marc:subfield>
      <marc:subfield code="2">Distributör: Elib</marc:subfield>
    </marc:datafield>
    <marc:datafield tag="024" ind1="7" ind2=" ">
      <marc:subfield code="5">Habo</marc:subfield>
      <marc:subfield code="a">1077180</marc:subfield>
      <marc:subfield code="2">Distributör: Elib</marc:subfield>
    </marc:datafield>
    <marc:datafield tag="024" ind1="7" ind2=" ">
      <marc:subfield code="5">Hamn</marc:subfield>
      <marc:subfield code="a">1077180</marc:subfield>
      <marc:subfield code="2">Distributör: Elib</marc:subfield>
    </marc:datafield>
    <marc:datafield tag="024" ind1="7" ind2=" ">
      <marc:subfield code="5">Harj</marc:subfield>
      <marc:subfield code="a">1077180</marc:subfield>
      <marc:subfield code="2">Distributör: Elib</marc:subfield>
    </marc:datafield>
    <marc:datafield tag="024" ind1="7" ind2=" ">
      <marc:subfield code="5">Hasb</marc:subfield>
      <marc:subfield code="a">1077180</marc:subfield>
      <marc:subfield code="2">Distributör: Elib</marc:subfield>
    </marc:datafield>
    <marc:datafield tag="024" ind1="7" ind2=" ">
      <marc:subfield code="5">Helg</marc:subfield>
      <marc:subfield code="a">1077180</marc:subfield>
      <marc:subfield code="2">Distributör: Elib</marc:subfield>
    </marc:datafield>
    <marc:datafield tag="024" ind1="7" ind2=" ">
      <marc:subfield code="5">HibE</marc:subfield>
      <marc:subfield code="a">1077180</marc:subfield>
      <marc:subfield code="2">Distributör: Elib</marc:subfield>
    </marc:datafield>
    <marc:datafield tag="024" ind1="7" ind2=" ">
      <marc:subfield code="5">HsdE</marc:subfield>
      <marc:subfield code="a">1077180</marc:subfield>
      <marc:subfield code="2">Distributör: Elib</marc:subfield>
    </marc:datafield>
    <marc:datafield tag="024" ind1="7" ind2=" ">
      <marc:subfield code="5">Leru</marc:subfield>
      <marc:subfield code="a">1077180</marc:subfield>
      <marc:subfield code="2">Distributör: Elib</marc:subfield>
    </marc:datafield>
    <marc:datafield tag="024" ind1="7" ind2=" ">
      <marc:subfield code="5">Less</marc:subfield>
      <marc:subfield code="a">1077180</marc:subfield>
      <marc:subfield code="2">Distributör: Elib</marc:subfield>
    </marc:datafield>
    <marc:datafield tag="024" ind1="7" ind2=" ">
      <marc:subfield code="5">Lisb</marc:subfield>
      <marc:subfield code="a">1077180</marc:subfield>
      <marc:subfield code="2">Distributör: Elib</marc:subfield>
    </marc:datafield>
    <marc:datafield tag="024" ind1="7" ind2=" ">
      <marc:subfield code="5">Lyck</marc:subfield>
      <marc:subfield code="a">1077180</marc:subfield>
      <marc:subfield code="2">Distributör: Elib</marc:subfield>
    </marc:datafield>
    <marc:datafield tag="024" ind1="7" ind2=" ">
      <marc:subfield code="5">MoE</marc:subfield>
      <marc:subfield code="a">1077180</marc:subfield>
      <marc:subfield code="2">Distributör: Elib</marc:subfield>
    </marc:datafield>
    <marc:datafield tag="024" ind1="7" ind2=" ">
      <marc:subfield code="5">Munk</marc:subfield>
      <marc:subfield code="a">1077180</marc:subfield>
      <marc:subfield code="2">Distributör: Elib</marc:subfield>
    </marc:datafield>
    <marc:datafield tag="024" ind1="7" ind2=" ">
      <marc:subfield code="5">Nass</marc:subfield>
      <marc:subfield code="a">1077180</marc:subfield>
      <marc:subfield code="2">Distributör: Elib</marc:subfield>
    </marc:datafield>
    <marc:datafield tag="024" ind1="7" ind2=" ">
      <marc:subfield code="5">Nyks</marc:subfield>
      <marc:subfield code="a">1077180</marc:subfield>
      <marc:subfield code="2">Distributör: Elib</marc:subfield>
    </marc:datafield>
    <marc:datafield tag="024" ind1="7" ind2=" ">
      <marc:subfield code="5">Okb</marc:subfield>
      <marc:subfield code="a">1077180</marc:subfield>
      <marc:subfield code="2">Distributör: Elib</marc:subfield>
    </marc:datafield>
    <marc:datafield tag="024" ind1="7" ind2=" ">
      <marc:subfield code="5">Os</marc:subfield>
      <marc:subfield code="a">1077180</marc:subfield>
      <marc:subfield code="2">Distributör: Elib</marc:subfield>
    </marc:datafield>
    <marc:datafield tag="024" ind1="7" ind2=" ">
      <marc:subfield code="5">Oxel</marc:subfield>
      <marc:subfield code="a">1077180</marc:subfield>
      <marc:subfield code="2">Distributör: Elib</marc:subfield>
    </marc:datafield>
    <marc:datafield tag="024" ind1="7" ind2=" ">
      <marc:subfield code="5">Skkf</marc:subfield>
      <marc:subfield code="a">1077180</marc:subfield>
      <marc:subfield code="2">Distributör: Elib</marc:subfield>
    </marc:datafield>
    <marc:datafield tag="024" ind1="7" ind2=" ">
      <marc:subfield code="5">Soll</marc:subfield>
      <marc:subfield code="a">1077180</marc:subfield>
      <marc:subfield code="2">Distributör: Elib</marc:subfield>
    </marc:datafield>
    <marc:datafield tag="024" ind1="7" ind2=" ">
      <marc:subfield code="5">Tanu</marc:subfield>
      <marc:subfield code="a">1077180</marc:subfield>
      <marc:subfield code="2">Distributör: Elib</marc:subfield>
    </marc:datafield>
    <marc:datafield tag="024" ind1="7" ind2=" ">
      <marc:subfield code="5">Tkb</marc:subfield>
      <marc:subfield code="a">1077180</marc:subfield>
      <marc:subfield code="2">Distributör: Elib</marc:subfield>
    </marc:datafield>
    <marc:datafield tag="024" ind1="7" ind2=" ">
      <marc:subfield code="5">Trel</marc:subfield>
      <marc:subfield code="a">1077180</marc:subfield>
      <marc:subfield code="2">Distributör: Elib</marc:subfield>
    </marc:datafield>
    <marc:datafield tag="024" ind1="7" ind2=" ">
      <marc:subfield code="5">Um</marc:subfield>
      <marc:subfield code="a">1077180</marc:subfield>
      <marc:subfield code="2">Distributör: Elib</marc:subfield>
    </marc:datafield>
    <marc:datafield tag="035" ind1=" " ind2=" ">
      <marc:subfield code="a">Elib1077180</marc:subfield>
    </marc:datafield>
    <marc:datafield tag="040" ind1=" " ind2=" ">
      <marc:subfield code="a">SEK</marc:subfield>
      <marc:subfield code="e">a</marc:subfield>
    </marc:datafield>
    <marc:datafield tag="041" ind1="1" ind2=" ">
      <marc:subfield code="a">swe</marc:subfield>
    </marc:datafield>
    <marc:datafield tag="072" ind1=" " ind2="7">
      <marc:subfield code="a">FF</marc:subfield>
      <marc:subfield code="2">bicssc</marc:subfield>
    </marc:datafield>
    <marc:datafield tag="100" ind1="1" ind2=" ">
      <marc:subfield code="a">Christie, Agatha</marc:subfield>
      <marc:subfield code="4">aut</marc:subfield>
      <marc:subfield code="0">http://viaf.org/viaf/71388952</marc:subfield>
    </marc:datafield>
    <marc:datafield tag="245" ind1="1" ind2="0">
      <marc:subfield code="a">ABC-morden</marc:subfield>
      <marc:subfield code="h">[Elektronisk resurs]</marc:subfield>
    </marc:datafield>
    <marc:datafield tag="264" ind1=" " ind2="1">
      <marc:subfield code="b">Bookmark förlag</marc:subfield>
    </marc:datafield>
    <marc:datafield tag="300" ind1=" " ind2=" ">
      <marc:subfield code="a">23090 sek.</marc:subfield>
    </marc:datafield>
    <marc:datafield tag="336" ind1=" " ind2=" ">
      <marc:subfield code="a">spoken word</marc:subfield>
      <marc:subfield code="b">spw</marc:subfield>
      <marc:subfield code="2">rdacontent</marc:subfield>
      <marc:subfield code="0">http://rdaregistry.info/termList/RDACarrierType/1013</marc:subfield>
    </marc:datafield>
    <marc:datafield tag="337" ind1=" " ind2=" ">
      <marc:subfield code="a">audio</marc:subfield>
      <marc:subfield code="b">s</marc:subfield>
      <marc:subfield code="2">rdamedia</marc:subfield>
      <marc:subfield code="0">http://rdaregistry.info/termList/RDAMediaType/1001</marc:subfield>
    </marc:datafield>
    <marc:datafield tag="338" ind1=" " ind2=" ">
      <marc:subfield code="a">other</marc:subfield>
      <marc:subfield code="b">sz</marc:subfield>
      <marc:subfield code="2">rdacarrier</marc:subfield>
      <marc:subfield code="0">http://rdaregistry.info/termList/RDACarrierType/1001</marc:subfield>
    </marc:datafield>
    <marc:datafield tag="380" ind1=" " ind2=" ">
      <marc:subfield code="a">nonmusical sound</marc:subfield>
      <marc:subfield code="0">http://id.loc.gov/vocabulary/marcgt/nos</marc:subfield>
      <marc:subfield code="2">marcgt</marc:subfield>
    </marc:datafield>
    <marc:datafield tag="500" ind1=" " ind2=" ">
      <marc:subfield code="5">Afb</marc:subfield>
      <marc:subfield code="a">Dator (138.63 MB)</marc:subfield>
    </marc:datafield>
    <marc:datafield tag="500" ind1=" " ind2=" ">
      <marc:subfield code="5">Afb</marc:subfield>
      <marc:subfield code="a">iOS (138.63 MB)</marc:subfield>
    </marc:datafield>
    <marc:datafield tag="500" ind1=" " ind2=" ">
      <marc:subfield code="5">Afb</marc:subfield>
      <marc:subfield code="a">Android (app) (138.63 MB)</marc:subfield>
    </marc:datafield>
    <marc:datafield tag="500" ind1=" " ind2=" ">
      <marc:subfield code="5">Biv</marc:subfield>
      <marc:subfield code="a">Dator (138.63 MB)</marc:subfield>
    </marc:datafield>
    <marc:datafield tag="500" ind1=" " ind2=" ">
      <marc:subfield code="5">Biv</marc:subfield>
      <marc:subfield code="a">iOS (138.63 MB)</marc:subfield>
    </marc:datafield>
    <marc:datafield tag="500" ind1=" " ind2=" ">
      <marc:subfield code="5">Biv</marc:subfield>
      <marc:subfield code="a">Android (app) (138.63 MB)</marc:subfield>
    </marc:datafield>
    <marc:datafield tag="500" ind1=" " ind2=" ">
      <marc:subfield code="5">BoE</marc:subfield>
      <marc:subfield code="a">Dator (138.63 MB)</marc:subfield>
    </marc:datafield>
    <marc:datafield tag="500" ind1=" " ind2=" ">
      <marc:subfield code="5">BoE</marc:subfield>
      <marc:subfield code="a">iOS (138.63 MB)</marc:subfield>
    </marc:datafield>
    <marc:datafield tag="500" ind1=" " ind2=" ">
      <marc:subfield code="5">BoE</marc:subfield>
      <marc:subfield code="a">Android (app) (138.63 MB)</marc:subfield>
    </marc:datafield>
    <marc:datafield tag="500" ind1=" " ind2=" ">
      <marc:subfield code="5">GbgE</marc:subfield>
      <marc:subfield code="a">Dator (138.63 MB)</marc:subfield>
    </marc:datafield>
    <marc:datafield tag="500" ind1=" " ind2=" ">
      <marc:subfield code="5">GbgE</marc:subfield>
      <marc:subfield code="a">iOS (138.63 MB)</marc:subfield>
    </marc:datafield>
    <marc:datafield tag="500" ind1=" " ind2=" ">
      <marc:subfield code="5">GbgE</marc:subfield>
      <marc:subfield code="a">Android (app) (138.63 MB)</marc:subfield>
    </marc:datafield>
    <marc:datafield tag="500" ind1=" " ind2=" ">
      <marc:subfield code="5">Gnes</marc:subfield>
      <marc:subfield code="a">Dator (138.63 MB)</marc:subfield>
    </marc:datafield>
    <marc:datafield tag="500" ind1=" " ind2=" ">
      <marc:subfield code="5">Gnes</marc:subfield>
      <marc:subfield code="a">iOS (138.63 MB)</marc:subfield>
    </marc:datafield>
    <marc:datafield tag="500" ind1=" " ind2=" ">
      <marc:subfield code="5">Gnes</marc:subfield>
      <marc:subfield code="a">Android (app) (138.63 MB)</marc:subfield>
    </marc:datafield>
    <marc:datafield tag="500" ind1=" " ind2=" ">
      <marc:subfield code="5">Gnos</marc:subfield>
      <marc:subfield code="a">Dator (138.63 MB)</marc:subfield>
    </marc:datafield>
    <marc:datafield tag="500" ind1=" " ind2=" ">
      <marc:subfield code="5">Gnos</marc:subfield>
      <marc:subfield code="a">iOS (138.63 MB)</marc:subfield>
    </marc:datafield>
    <marc:datafield tag="500" ind1=" " ind2=" ">
      <marc:subfield code="5">Gnos</marc:subfield>
      <marc:subfield code="a">Android (app) (138.63 MB)</marc:subfield>
    </marc:datafield>
    <marc:datafield tag="500" ind1=" " ind2=" ">
      <marc:subfield code="5">Habo</marc:subfield>
      <marc:subfield code="a">Dator (138.63 MB)</marc:subfield>
    </marc:datafield>
    <marc:datafield tag="500" ind1=" " ind2=" ">
      <marc:subfield code="5">Habo</marc:subfield>
      <marc:subfield code="a">iOS (138.63 MB)</marc:subfield>
    </marc:datafield>
    <marc:datafield tag="500" ind1=" " ind2=" ">
      <marc:subfield code="5">Habo</marc:subfield>
      <marc:subfield code="a">Android (app) (138.63 MB)</marc:subfield>
    </marc:datafield>
    <marc:datafield tag="500" ind1=" " ind2=" ">
      <marc:subfield code="5">Hamn</marc:subfield>
      <marc:subfield code="a">Dator (138.63 MB)</marc:subfield>
    </marc:datafield>
    <marc:datafield tag="500" ind1=" " ind2=" ">
      <marc:subfield code="5">Hamn</marc:subfield>
      <marc:subfield code="a">iOS (138.63 MB)</marc:subfield>
    </marc:datafield>
    <marc:datafield tag="500" ind1=" " ind2=" ">
      <marc:subfield code="5">Hamn</marc:subfield>
      <marc:subfield code="a">Android (app) (138.63 MB)</marc:subfield>
    </marc:datafield>
    <marc:datafield tag="500" ind1=" " ind2=" ">
      <marc:subfield code="5">Harj</marc:subfield>
      <marc:subfield code="a">Dator (138.63 MB)</marc:subfield>
    </marc:datafield>
    <marc:datafield tag="500" ind1=" " ind2=" ">
      <marc:subfield code="5">Harj</marc:subfield>
      <marc:subfield code="a">iOS (138.63 MB)</marc:subfield>
    </marc:datafield>
    <marc:datafield tag="500" ind1=" " ind2=" ">
      <marc:subfield code="5">Harj</marc:subfield>
      <marc:subfield code="a">Android (app) (138.63 MB)</marc:subfield>
    </marc:datafield>
    <marc:datafield tag="500" ind1=" " ind2=" ">
      <marc:subfield code="5">Hasb</marc:subfield>
      <marc:subfield code="a">Dator (138.63 MB)</marc:subfield>
    </marc:datafield>
    <marc:datafield tag="500" ind1=" " ind2=" ">
      <marc:subfield code="5">Hasb</marc:subfield>
      <marc:subfield code="a">iOS (138.63 MB)</marc:subfield>
    </marc:datafield>
    <marc:datafield tag="500" ind1=" " ind2=" ">
      <marc:subfield code="5">Hasb</marc:subfield>
      <marc:subfield code="a">Android (app) (138.63 MB)</marc:subfield>
    </marc:datafield>
    <marc:datafield tag="500" ind1=" " ind2=" ">
      <marc:subfield code="5">Helg</marc:subfield>
      <marc:subfield code="a">Dator (138.63 MB)</marc:subfield>
    </marc:datafield>
    <marc:datafield tag="500" ind1=" " ind2=" ">
      <marc:subfield code="5">Helg</marc:subfield>
      <marc:subfield code="a">iOS (138.63 MB)</marc:subfield>
    </marc:datafield>
    <marc:datafield tag="500" ind1=" " ind2=" ">
      <marc:subfield code="5">Helg</marc:subfield>
      <marc:subfield code="a">Android (app) (138.63 MB)</marc:subfield>
    </marc:datafield>
    <marc:datafield tag="500" ind1=" " ind2=" ">
      <marc:subfield code="5">HibE</marc:subfield>
      <marc:subfield code="a">Dator (138.63 MB)</marc:subfield>
    </marc:datafield>
    <marc:datafield tag="500" ind1=" " ind2=" ">
      <marc:subfield code="5">HibE</marc:subfield>
      <marc:subfield code="a">iOS (138.63 MB)</marc:subfield>
    </marc:datafield>
    <marc:datafield tag="500" ind1=" " ind2=" ">
      <marc:subfield code="5">HibE</marc:subfield>
      <marc:subfield code="a">Android (app) (138.63 MB)</marc:subfield>
    </marc:datafield>
    <marc:datafield tag="500" ind1=" " ind2=" ">
      <marc:subfield code="5">HsdE</marc:subfield>
      <marc:subfield code="a">Dator (138.63 MB)</marc:subfield>
    </marc:datafield>
    <marc:datafield tag="500" ind1=" " ind2=" ">
      <marc:subfield code="5">HsdE</marc:subfield>
      <marc:subfield code="a">iOS (138.63 MB)</marc:subfield>
    </marc:datafield>
    <marc:datafield tag="500" ind1=" " ind2=" ">
      <marc:subfield code="5">HsdE</marc:subfield>
      <marc:subfield code="a">Android (app) (138.63 MB)</marc:subfield>
    </marc:datafield>
    <marc:datafield tag="500" ind1=" " ind2=" ">
      <marc:subfield code="5">Leru</marc:subfield>
      <marc:subfield code="a">Dator (138.63 MB)</marc:subfield>
    </marc:datafield>
    <marc:datafield tag="500" ind1=" " ind2=" ">
      <marc:subfield code="5">Leru</marc:subfield>
      <marc:subfield code="a">iOS (138.63 MB)</marc:subfield>
    </marc:datafield>
    <marc:datafield tag="500" ind1=" " ind2=" ">
      <marc:subfield code="5">Leru</marc:subfield>
      <marc:subfield code="a">Android (app) (138.63 MB)</marc:subfield>
    </marc:datafield>
    <marc:datafield tag="500" ind1=" " ind2=" ">
      <marc:subfield code="5">Less</marc:subfield>
      <marc:subfield code="a">Dator (138.63 MB)</marc:subfield>
    </marc:datafield>
    <marc:datafield tag="500" ind1=" " ind2=" ">
      <marc:subfield code="5">Less</marc:subfield>
      <marc:subfield code="a">iOS (138.63 MB)</marc:subfield>
    </marc:datafield>
    <marc:datafield tag="500" ind1=" " ind2=" ">
      <marc:subfield code="5">Less</marc:subfield>
      <marc:subfield code="a">Android (app) (138.63 MB)</marc:subfield>
    </marc:datafield>
    <marc:datafield tag="500" ind1=" " ind2=" ">
      <marc:subfield code="5">Lisb</marc:subfield>
      <marc:subfield code="a">Dator (138.63 MB)</marc:subfield>
    </marc:datafield>
    <marc:datafield tag="500" ind1=" " ind2=" ">
      <marc:subfield code="5">Lisb</marc:subfield>
      <marc:subfield code="a">iOS (138.63 MB)</marc:subfield>
    </marc:datafield>
    <marc:datafield tag="500" ind1=" " ind2=" ">
      <marc:subfield code="5">Lisb</marc:subfield>
      <marc:subfield code="a">Android (app) (138.63 MB)</marc:subfield>
    </marc:datafield>
    <marc:datafield tag="500" ind1=" " ind2=" ">
      <marc:subfield code="5">Lyck</marc:subfield>
      <marc:subfield code="a">Dator (138.63 MB)</marc:subfield>
    </marc:datafield>
    <marc:datafield tag="500" ind1=" " ind2=" ">
      <marc:subfield code="5">Lyck</marc:subfield>
      <marc:subfield code="a">iOS (138.63 MB)</marc:subfield>
    </marc:datafield>
    <marc:datafield tag="500" ind1=" " ind2=" ">
      <marc:subfield code="5">Lyck</marc:subfield>
      <marc:subfield code="a">Android (app) (138.63 MB)</marc:subfield>
    </marc:datafield>
    <marc:datafield tag="500" ind1=" " ind2=" ">
      <marc:subfield code="5">MoE</marc:subfield>
      <marc:subfield code="a">Dator (138.63 MB)</marc:subfield>
    </marc:datafield>
    <marc:datafield tag="500" ind1=" " ind2=" ">
      <marc:subfield code="5">MoE</marc:subfield>
      <marc:subfield code="a">iOS (138.63 MB)</marc:subfield>
    </marc:datafield>
    <marc:datafield tag="500" ind1=" " ind2=" ">
      <marc:subfield code="5">MoE</marc:subfield>
      <marc:subfield code="a">Android (app) (138.63 MB)</marc:subfield>
    </marc:datafield>
    <marc:datafield tag="500" ind1=" " ind2=" ">
      <marc:subfield code="5">Munk</marc:subfield>
      <marc:subfield code="a">Dator (138.63 MB)</marc:subfield>
    </marc:datafield>
    <marc:datafield tag="500" ind1=" " ind2=" ">
      <marc:subfield code="5">Munk</marc:subfield>
      <marc:subfield code="a">iOS (138.63 MB)</marc:subfield>
    </marc:datafield>
    <marc:datafield tag="500" ind1=" " ind2=" ">
      <marc:subfield code="5">Munk</marc:subfield>
      <marc:subfield code="a">Android (app) (138.63 MB)</marc:subfield>
    </marc:datafield>
    <marc:datafield tag="500" ind1=" " ind2=" ">
      <marc:subfield code="5">Nass</marc:subfield>
      <marc:subfield code="a">Dator (138.63 MB)</marc:subfield>
    </marc:datafield>
    <marc:datafield tag="500" ind1=" " ind2=" ">
      <marc:subfield code="5">Nass</marc:subfield>
      <marc:subfield code="a">iOS (138.63 MB)</marc:subfield>
    </marc:datafield>
    <marc:datafield tag="500" ind1=" " ind2=" ">
      <marc:subfield code="5">Nass</marc:subfield>
      <marc:subfield code="a">Android (app) (138.63 MB)</marc:subfield>
    </marc:datafield>
    <marc:datafield tag="500" ind1=" " ind2=" ">
      <marc:subfield code="5">Nyks</marc:subfield>
      <marc:subfield code="a">Dator (138.63 MB)</marc:subfield>
    </marc:datafield>
    <marc:datafield tag="500" ind1=" " ind2=" ">
      <marc:subfield code="5">Nyks</marc:subfield>
      <marc:subfield code="a">iOS (138.63 MB)</marc:subfield>
    </marc:datafield>
    <marc:datafield tag="500" ind1=" " ind2=" ">
      <marc:subfield code="5">Nyks</marc:subfield>
      <marc:subfield code="a">Android (app) (138.63 MB)</marc:subfield>
    </marc:datafield>
    <marc:datafield tag="500" ind1=" " ind2=" ">
      <marc:subfield code="5">Okb</marc:subfield>
      <marc:subfield code="a">Dator (138.63 MB)</marc:subfield>
    </marc:datafield>
    <marc:datafield tag="500" ind1=" " ind2=" ">
      <marc:subfield code="5">Okb</marc:subfield>
      <marc:subfield code="a">iOS (138.63 MB)</marc:subfield>
    </marc:datafield>
    <marc:datafield tag="500" ind1=" " ind2=" ">
      <marc:subfield code="5">Okb</marc:subfield>
      <marc:subfield code="a">Android (app) (138.63 MB)</marc:subfield>
    </marc:datafield>
    <marc:datafield tag="500" ind1=" " ind2=" ">
      <marc:subfield code="5">Os</marc:subfield>
      <marc:subfield code="a">Dator (138.63 MB)</marc:subfield>
    </marc:datafield>
    <marc:datafield tag="500" ind1=" " ind2=" ">
      <marc:subfield code="5">Os</marc:subfield>
      <marc:subfield code="a">iOS (138.63 MB)</marc:subfield>
    </marc:datafield>
    <marc:datafield tag="500" ind1=" " ind2=" ">
      <marc:subfield code="5">Os</marc:subfield>
      <marc:subfield code="a">Android (app) (138.63 MB)</marc:subfield>
    </marc:datafield>
    <marc:datafield tag="500" ind1=" " ind2=" ">
      <marc:subfield code="5">Oxel</marc:subfield>
      <marc:subfield code="a">Dator (138.63 MB)</marc:subfield>
    </marc:datafield>
    <marc:datafield tag="500" ind1=" " ind2=" ">
      <marc:subfield code="5">Oxel</marc:subfield>
      <marc:subfield code="a">iOS (138.63 MB)</marc:subfield>
    </marc:datafield>
    <marc:datafield tag="500" ind1=" " ind2=" ">
      <marc:subfield code="5">Oxel</marc:subfield>
      <marc:subfield code="a">Android (app) (138.63 MB)</marc:subfield>
    </marc:datafield>
    <marc:datafield tag="500" ind1=" " ind2=" ">
      <marc:subfield code="5">Skkf</marc:subfield>
      <marc:subfield code="a">Dator (138.63 MB)</marc:subfield>
    </marc:datafield>
    <marc:datafield tag="500" ind1=" " ind2=" ">
      <marc:subfield code="5">Skkf</marc:subfield>
      <marc:subfield code="a">iOS (138.63 MB)</marc:subfield>
    </marc:datafield>
    <marc:datafield tag="500" ind1=" " ind2=" ">
      <marc:subfield code="5">Skkf</marc:subfield>
      <marc:subfield code="a">Android (app) (138.63 MB)</marc:subfield>
    </marc:datafield>
    <marc:datafield tag="500" ind1=" " ind2=" ">
      <marc:subfield code="5">Soll</marc:subfield>
      <marc:subfield code="a">Dator (138.63 MB)</marc:subfield>
    </marc:datafield>
    <marc:datafield tag="500" ind1=" " ind2=" ">
      <marc:subfield code="5">Soll</marc:subfield>
      <marc:subfield code="a">iOS (138.63 MB)</marc:subfield>
    </marc:datafield>
    <marc:datafield tag="500" ind1=" " ind2=" ">
      <marc:subfield code="5">Soll</marc:subfield>
      <marc:subfield code="a">Android (app) (138.63 MB)</marc:subfield>
    </marc:datafield>
    <marc:datafield tag="500" ind1=" " ind2=" ">
      <marc:subfield code="5">Tanu</marc:subfield>
      <marc:subfield code="a">Dator (138.63 MB)</marc:subfield>
    </marc:datafield>
    <marc:datafield tag="500" ind1=" " ind2=" ">
      <marc:subfield code="5">Tanu</marc:subfield>
      <marc:subfield code="a">iOS (138.63 MB)</marc:subfield>
    </marc:datafield>
    <marc:datafield tag="500" ind1=" " ind2=" ">
      <marc:subfield code="5">Tanu</marc:subfield>
      <marc:subfield code="a">Android (app) (138.63 MB)</marc:subfield>
    </marc:datafield>
    <marc:datafield tag="500" ind1=" " ind2=" ">
      <marc:subfield code="5">Tkb</marc:subfield>
      <marc:subfield code="a">Dator (138.63 MB)</marc:subfield>
    </marc:datafield>
    <marc:datafield tag="500" ind1=" " ind2=" ">
      <marc:subfield code="5">Tkb</marc:subfield>
      <marc:subfield code="a">iOS (138.63 MB)</marc:subfield>
    </marc:datafield>
    <marc:datafield tag="500" ind1=" " ind2=" ">
      <marc:subfield code="5">Tkb</marc:subfield>
      <marc:subfield code="a">Android (app) (138.63 MB)</marc:subfield>
    </marc:datafield>
    <marc:datafield tag="500" ind1=" " ind2=" ">
      <marc:subfield code="5">Trel</marc:subfield>
      <marc:subfield code="a">Dator (138.63 MB)</marc:subfield>
    </marc:datafield>
    <marc:datafield tag="500" ind1=" " ind2=" ">
      <marc:subfield code="5">Trel</marc:subfield>
      <marc:subfield code="a">iOS (138.63 MB)</marc:subfield>
    </marc:datafield>
    <marc:datafield tag="500" ind1=" " ind2=" ">
      <marc:subfield code="5">Trel</marc:subfield>
      <marc:subfield code="a">Android (app) (138.63 MB)</marc:subfield>
    </marc:datafield>
    <marc:datafield tag="500" ind1=" " ind2=" ">
      <marc:subfield code="5">Um</marc:subfield>
      <marc:subfield code="a">Dator (138.63 MB)</marc:subfield>
    </marc:datafield>
    <marc:datafield tag="500" ind1=" " ind2=" ">
      <marc:subfield code="5">Um</marc:subfield>
      <marc:subfield code="a">iOS (138.63 MB)</marc:subfield>
    </marc:datafield>
    <marc:datafield tag="500" ind1=" " ind2=" ">
      <marc:subfield code="5">Um</marc:subfield>
      <marc:subfield code="a">Android (app) (138.63 MB)</marc:subfield>
    </marc:datafield>
    <marc:datafield tag="520" ind1=" " ind2=" ">
      <marc:subfield code="a">EN SERIEMÖRDARE ÄR LÖS ... För det första mördas Anna Ascher från Andover, då Betty Barnard i Bexhill, dödar Carmichael Clarke i Churston. Före varje mord före detektiv Hercule Poirot, legitima och utmanande brev från någon som kallar sig ABC. Mönstret fortsätter och mödrarnas varningsbrev blir hans stora misstag när Hercule inte kan hjälpa men hämtar den kastade handsken. Agatha Christie (18901976) är en av världens mest lästa och älskade entusiaster. Hennes litterära produktion innehåller mer än ett hundra titlar, av vilka flera idag betraktas som oönskade klassiker.  [Elib]</marc:subfield>
    </marc:datafield>
    <marc:datafield tag="599" ind1=" " ind2=" ">
      <marc:subfield code="a">Ändrad av Elib 2018-10-24</marc:subfield>
    </marc:datafield>
    <marc:datafield tag="655" ind1=" " ind2="4">
      <marc:subfield code="0">https://id.kb.se/marc/Fiction</marc:subfield>
    </marc:datafield>
    <marc:datafield tag="655" ind1=" " ind2="4">
      <marc:subfield code="a">Ljudböcker</marc:subfield>
    </marc:datafield>
    <marc:datafield tag="655" ind1=" " ind2="4">
      <marc:subfield code="a">Deckare &amp; spänning</marc:subfield>
    </marc:datafield>
    <marc:datafield tag="700" ind1="1" ind2=" ">
      <marc:subfield code="a">Lyckow, Maria</marc:subfield>
      <marc:subfield code="4">nrt</marc:subfield>
    </marc:datafield>
    <marc:datafield tag="841" ind1=" " ind2=" ">
      <marc:subfield code="5">Afb</marc:subfield>
      <marc:subfield code="a">x  a</marc:subfield>
      <marc:subfield code="b">190125||0000|||||000||||||000000</marc:subfield>
      <marc:subfield code="e">1</marc:subfield>
    </marc:datafield>
    <marc:datafield tag="841" ind1=" " ind2=" ">
      <marc:subfield code="5">Biv</marc:subfield>
      <marc:subfield code="a">x  a</marc:subfield>
      <marc:subfield code="b">190125||0000|||||000||||||000000</marc:subfield>
      <marc:subfield code="e">1</marc:subfield>
    </marc:datafield>
    <marc:datafield tag="841" ind1=" " ind2=" ">
      <marc:subfield code="5">BoE</marc:subfield>
      <marc:subfield code="a">x  a</marc:subfield>
      <marc:subfield code="b">190125||0000|||||000||||||000000</marc:subfield>
      <marc:subfield code="e">1</marc:subfield>
    </marc:datafield>
    <marc:datafield tag="841" ind1=" " ind2=" ">
      <marc:subfield code="5">Elib</marc:subfield>
      <marc:subfield code="a">x  a</marc:subfield>
      <marc:subfield code="b">190125||0000|||||000||||||000000</marc:subfield>
      <marc:subfield code="e">1</marc:subfield>
    </marc:datafield>
    <marc:datafield tag="841" ind1=" " ind2=" ">
      <marc:subfield code="5">GbgE</marc:subfield>
      <marc:subfield code="a">x  a</marc:subfield>
      <marc:subfield code="b">190125||0000|||||000||||||000000</marc:subfield>
      <marc:subfield code="e">1</marc:subfield>
    </marc:datafield>
    <marc:datafield tag="841" ind1=" " ind2=" ">
      <marc:subfield code="5">Gnes</marc:subfield>
      <marc:subfield code="a">x  a</marc:subfield>
      <marc:subfield code="b">190213||0000|||||000||||||000000</marc:subfield>
      <marc:subfield code="e">1</marc:subfield>
    </marc:datafield>
    <marc:datafield tag="841" ind1=" " ind2=" ">
      <marc:subfield code="5">Gnos</marc:subfield>
      <marc:subfield code="a">x  a</marc:subfield>
      <marc:subfield code="b">190125||0000|||||000||||||000000</marc:subfield>
      <marc:subfield code="e">1</marc:subfield>
    </marc:datafield>
    <marc:datafield tag="841" ind1=" " ind2=" ">
      <marc:subfield code="5">Habo</marc:subfield>
      <marc:subfield code="a">x  a</marc:subfield>
      <marc:subfield code="b">190125||0000|||||000||||||000000</marc:subfield>
      <marc:subfield code="e">1</marc:subfield>
    </marc:datafield>
    <marc:datafield tag="841" ind1=" " ind2=" ">
      <marc:subfield code="5">Hamn</marc:subfield>
      <marc:subfield code="a">x  a</marc:subfield>
      <marc:subfield code="b">190125||0000|||||000||||||000000</marc:subfield>
      <marc:subfield code="e">1</marc:subfield>
    </marc:datafield>
    <marc:datafield tag="841" ind1=" " ind2=" ">
      <marc:subfield code="5">Harj</marc:subfield>
      <marc:subfield code="a">x  a</marc:subfield>
      <marc:subfield code="b">190125||0000|||||000||||||000000</marc:subfield>
      <marc:subfield code="e">1</marc:subfield>
    </marc:datafield>
    <marc:datafield tag="841" ind1=" " ind2=" ">
      <marc:subfield code="5">Hasb</marc:subfield>
      <marc:subfield code="a">x  a</marc:subfield>
      <marc:subfield code="b">190125||0000|||||000||||||000000</marc:subfield>
      <marc:subfield code="e">1</marc:subfield>
    </marc:datafield>
    <marc:datafield tag="841" ind1=" " ind2=" ">
      <marc:subfield code="5">Helg</marc:subfield>
      <marc:subfield code="a">x  a</marc:subfield>
      <marc:subfield code="b">190125||0000|||||000||||||000000</marc:subfield>
      <marc:subfield code="e">1</marc:subfield>
    </marc:datafield>
    <marc:datafield tag="841" ind1=" " ind2=" ">
      <marc:subfield code="5">HibE</marc:subfield>
      <marc:subfield code="a">x  a</marc:subfield>
      <marc:subfield code="b">190125||0000|||||000||||||000000</marc:subfield>
      <marc:subfield code="e">1</marc:subfield>
    </marc:datafield>
    <marc:datafield tag="841" ind1=" " ind2=" ">
      <marc:subfield code="5">HsdE</marc:subfield>
      <marc:subfield code="a">x  a</marc:subfield>
      <marc:subfield code="b">190125||0000|||||000||||||000000</marc:subfield>
      <marc:subfield code="e">1</marc:subfield>
    </marc:datafield>
    <marc:datafield tag="841" ind1=" " ind2=" ">
      <marc:subfield code="5">Leru</marc:subfield>
      <marc:subfield code="a">x  a</marc:subfield>
      <marc:subfield code="b">190125||0000|||||000||||||000000</marc:subfield>
      <marc:subfield code="e">1</marc:subfield>
    </marc:datafield>
    <marc:datafield tag="841" ind1=" " ind2=" ">
      <marc:subfield code="5">Less</marc:subfield>
      <marc:subfield code="a">x  a</marc:subfield>
      <marc:subfield code="b">190125||0000|||||000||||||000000</marc:subfield>
      <marc:subfield code="e">1</marc:subfield>
    </marc:datafield>
    <marc:datafield tag="841" ind1=" " ind2=" ">
      <marc:subfield code="5">Lisb</marc:subfield>
      <marc:subfield code="a">x  a</marc:subfield>
      <marc:subfield code="b">190125||0000|||||000||||||000000</marc:subfield>
      <marc:subfield code="e">1</marc:subfield>
    </marc:datafield>
    <marc:datafield tag="841" ind1=" " ind2=" ">
      <marc:subfield code="5">Lyck</marc:subfield>
      <marc:subfield code="a">x  a</marc:subfield>
      <marc:subfield code="b">190125||0000|||||000||||||000000</marc:subfield>
      <marc:subfield code="e">1</marc:subfield>
    </marc:datafield>
    <marc:datafield tag="841" ind1=" " ind2=" ">
      <marc:subfield code="5">MoE</marc:subfield>
      <marc:subfield code="a">x  a</marc:subfield>
      <marc:subfield code="b">190125||0000|||||000||||||000000</marc:subfield>
      <marc:subfield code="e">1</marc:subfield>
    </marc:datafield>
    <marc:datafield tag="841" ind1=" " ind2=" ">
      <marc:subfield code="5">Munk</marc:subfield>
      <marc:subfield code="a">x  a</marc:subfield>
      <marc:subfield code="b">190125||0000|||||000||||||000000</marc:subfield>
      <marc:subfield code="e">1</marc:subfield>
    </marc:datafield>
    <marc:datafield tag="841" ind1=" " ind2=" ">
      <marc:subfield code="5">Nass</marc:subfield>
      <marc:subfield code="a">x  a</marc:subfield>
      <marc:subfield code="b">190125||0000|||||000||||||000000</marc:subfield>
      <marc:subfield code="e">1</marc:subfield>
    </marc:datafield>
    <marc:datafield tag="841" ind1=" " ind2=" ">
      <marc:subfield code="5">Nyks</marc:subfield>
      <marc:subfield code="a">x  a</marc:subfield>
      <marc:subfield code="b">190125||0000|||||000||||||000000</marc:subfield>
      <marc:subfield code="e">1</marc:subfield>
    </marc:datafield>
    <marc:datafield tag="841" ind1=" " ind2=" ">
      <marc:subfield code="5">Okb</marc:subfield>
      <marc:subfield code="a">x  a</marc:subfield>
      <marc:subfield code="b">190220||0000|||||000||||||000000</marc:subfield>
      <marc:subfield code="e">1</marc:subfield>
    </marc:datafield>
    <marc:datafield tag="841" ind1=" " ind2=" ">
      <marc:subfield code="5">Os</marc:subfield>
      <marc:subfield code="a">x  a</marc:subfield>
      <marc:subfield code="b">190221||0000|||||000||||||000000</marc:subfield>
      <marc:subfield code="e">1</marc:subfield>
    </marc:datafield>
    <marc:datafield tag="841" ind1=" " ind2=" ">
      <marc:subfield code="5">Oxel</marc:subfield>
      <marc:subfield code="a">x  a</marc:subfield>
      <marc:subfield code="b">190125||0000|||||000||||||000000</marc:subfield>
      <marc:subfield code="e">1</marc:subfield>
    </marc:datafield>
    <marc:datafield tag="841" ind1=" " ind2=" ">
      <marc:subfield code="5">Skkf</marc:subfield>
      <marc:subfield code="a">x  a</marc:subfield>
      <marc:subfield code="b">190125||0000|||||000||||||000000</marc:subfield>
      <marc:subfield code="e">1</marc:subfield>
    </marc:datafield>
    <marc:datafield tag="841" ind1=" " ind2=" ">
      <marc:subfield code="5">Soll</marc:subfield>
      <marc:subfield code="a">x  a</marc:subfield>
      <marc:subfield code="b">190125||0000|||||000||||||000000</marc:subfield>
      <marc:subfield code="e">1</marc:subfield>
    </marc:datafield>
    <marc:datafield tag="841" ind1=" " ind2=" ">
      <marc:subfield code="5">Tanu</marc:subfield>
      <marc:subfield code="a">x  a</marc:subfield>
      <marc:subfield code="b">190125||0000|||||000||||||000000</marc:subfield>
      <marc:subfield code="e">1</marc:subfield>
    </marc:datafield>
    <marc:datafield tag="841" ind1=" " ind2=" ">
      <marc:subfield code="5">Tkb</marc:subfield>
      <marc:subfield code="a">x  a</marc:subfield>
      <marc:subfield code="b">190125||0000|||||000||||||000000</marc:subfield>
      <marc:subfield code="e">1</marc:subfield>
    </marc:datafield>
    <marc:datafield tag="841" ind1=" " ind2=" ">
      <marc:subfield code="5">Trel</marc:subfield>
      <marc:subfield code="a">x  a</marc:subfield>
      <marc:subfield code="b">190125||0000|||||000||||||000000</marc:subfield>
      <marc:subfield code="e">1</marc:subfield>
    </marc:datafield>
    <marc:datafield tag="841" ind1=" " ind2=" ">
      <marc:subfield code="5">Um</marc:subfield>
      <marc:subfield code="a">x  a</marc:subfield>
      <marc:subfield code="b">190125||0000|||||000||||||000000</marc:subfield>
      <marc:subfield code="e">1</marc:subfield>
    </marc:datafield>
    <marc:datafield tag="850" ind1=" " ind2=" ">
      <marc:subfield code="5">Afb</marc:subfield>
      <marc:subfield code="b">Afb</marc:subfield>
      <marc:subfield code="c">Ljudbok</marc:subfield>
      <marc:subfield code="x">origin:Elib</marc:subfield>
      <marc:subfield code="z">Dator (138.63 MB)</marc:subfield>
      <marc:subfield code="z">iOS (138.63 MB)</marc:subfield>
      <marc:subfield code="z">Android (app) (138.63 MB)</marc:subfield>
    </marc:datafield>
    <marc:datafield tag="850" ind1=" " ind2=" ">
      <marc:subfield code="5">Biv</marc:subfield>
      <marc:subfield code="b">Biv</marc:subfield>
      <marc:subfield code="c">Ljudbok</marc:subfield>
      <marc:subfield code="x">origin:Elib</marc:subfield>
      <marc:subfield code="z">Dator (138.63 MB)</marc:subfield>
      <marc:subfield code="z">iOS (138.63 MB)</marc:subfield>
      <marc:subfield code="z">Android (app) (138.63 MB)</marc:subfield>
    </marc:datafield>
    <marc:datafield tag="850" ind1=" " ind2=" ">
      <marc:subfield code="5">BoE</marc:subfield>
      <marc:subfield code="b">BoE</marc:subfield>
      <marc:subfield code="c">Ljudbok</marc:subfield>
      <marc:subfield code="x">origin:Elib</marc:subfield>
      <marc:subfield code="z">Dator (138.63 MB)</marc:subfield>
      <marc:subfield code="z">iOS (138.63 MB)</marc:subfield>
      <marc:subfield code="z">Android (app) (138.63 MB)</marc:subfield>
    </marc:datafield>
    <marc:datafield tag="850" ind1=" " ind2=" ">
      <marc:subfield code="5">Elib</marc:subfield>
      <marc:subfield code="b">Elib</marc:subfield>
      <marc:subfield code="x">origin:Elib</marc:subfield>
    </marc:datafield>
    <marc:datafield tag="850" ind1=" " ind2=" ">
      <marc:subfield code="5">GbgE</marc:subfield>
      <marc:subfield code="b">GbgE</marc:subfield>
      <marc:subfield code="c">Ljudbok</marc:subfield>
      <marc:subfield code="x">origin:Elib</marc:subfield>
      <marc:subfield code="z">Dator (138.63 MB)</marc:subfield>
      <marc:subfield code="z">iOS (138.63 MB)</marc:subfield>
      <marc:subfield code="z">Android (app) (138.63 MB)</marc:subfield>
    </marc:datafield>
    <marc:datafield tag="850" ind1=" " ind2=" ">
      <marc:subfield code="5">Gnes</marc:subfield>
      <marc:subfield code="b">Gnes</marc:subfield>
      <marc:subfield code="c">Ljudbok</marc:subfield>
      <marc:subfield code="x">origin:Elib</marc:subfield>
      <marc:subfield code="z">Dator (138.63 MB)</marc:subfield>
      <marc:subfield code="z">iOS (138.63 MB)</marc:subfield>
      <marc:subfield code="z">Android (app) (138.63 MB)</marc:subfield>
    </marc:datafield>
    <marc:datafield tag="850" ind1=" " ind2=" ">
      <marc:subfield code="5">Gnos</marc:subfield>
      <marc:subfield code="b">Gnos</marc:subfield>
      <marc:subfield code="c">Ljudbok</marc:subfield>
      <marc:subfield code="x">origin:Elib</marc:subfield>
      <marc:subfield code="z">Dator (138.63 MB)</marc:subfield>
      <marc:subfield code="z">iOS (138.63 MB)</marc:subfield>
      <marc:subfield code="z">Android (app) (138.63 MB)</marc:subfield>
    </marc:datafield>
    <marc:datafield tag="850" ind1=" " ind2=" ">
      <marc:subfield code="5">Habo</marc:subfield>
      <marc:subfield code="b">Habo</marc:subfield>
      <marc:subfield code="c">Ljudbok</marc:subfield>
      <marc:subfield code="x">origin:Elib</marc:subfield>
      <marc:subfield code="z">Dator (138.63 MB)</marc:subfield>
      <marc:subfield code="z">iOS (138.63 MB)</marc:subfield>
      <marc:subfield code="z">Android (app) (138.63 MB)</marc:subfield>
    </marc:datafield>
    <marc:datafield tag="850" ind1=" " ind2=" ">
      <marc:subfield code="5">Hamn</marc:subfield>
      <marc:subfield code="b">Hamn</marc:subfield>
      <marc:subfield code="c">Ljudbok</marc:subfield>
      <marc:subfield code="x">origin:Elib</marc:subfield>
      <marc:subfield code="z">Dator (138.63 MB)</marc:subfield>
      <marc:subfield code="z">iOS (138.63 MB)</marc:subfield>
      <marc:subfield code="z">Android (app) (138.63 MB)</marc:subfield>
    </marc:datafield>
    <marc:datafield tag="850" ind1=" " ind2=" ">
      <marc:subfield code="5">Harj</marc:subfield>
      <marc:subfield code="b">Harj</marc:subfield>
      <marc:subfield code="c">Ljudbok</marc:subfield>
      <marc:subfield code="x">origin:Elib</marc:subfield>
      <marc:subfield code="z">Dator (138.63 MB)</marc:subfield>
      <marc:subfield code="z">iOS (138.63 MB)</marc:subfield>
      <marc:subfield code="z">Android (app) (138.63 MB)</marc:subfield>
    </marc:datafield>
    <marc:datafield tag="850" ind1=" " ind2=" ">
      <marc:subfield code="5">Hasb</marc:subfield>
      <marc:subfield code="b">Hasb</marc:subfield>
      <marc:subfield code="c">Ljudbok</marc:subfield>
      <marc:subfield code="x">origin:Elib</marc:subfield>
      <marc:subfield code="z">Dator (138.63 MB)</marc:subfield>
      <marc:subfield code="z">iOS (138.63 MB)</marc:subfield>
      <marc:subfield code="z">Android (app) (138.63 MB)</marc:subfield>
    </marc:datafield>
    <marc:datafield tag="850" ind1=" " ind2=" ">
      <marc:subfield code="5">Helg</marc:subfield>
      <marc:subfield code="b">Helg</marc:subfield>
      <marc:subfield code="c">Ljudbok</marc:subfield>
      <marc:subfield code="x">origin:Elib</marc:subfield>
      <marc:subfield code="z">Dator (138.63 MB)</marc:subfield>
      <marc:subfield code="z">iOS (138.63 MB)</marc:subfield>
      <marc:subfield code="z">Android (app) (138.63 MB)</marc:subfield>
    </marc:datafield>
    <marc:datafield tag="850" ind1=" " ind2=" ">
      <marc:subfield code="5">HibE</marc:subfield>
      <marc:subfield code="b">HibE</marc:subfield>
      <marc:subfield code="c">Ljudbok</marc:subfield>
      <marc:subfield code="x">origin:Elib</marc:subfield>
      <marc:subfield code="z">Dator (138.63 MB)</marc:subfield>
      <marc:subfield code="z">iOS (138.63 MB)</marc:subfield>
      <marc:subfield code="z">Android (app) (138.63 MB)</marc:subfield>
    </marc:datafield>
    <marc:datafield tag="850" ind1=" " ind2=" ">
      <marc:subfield code="5">HsdE</marc:subfield>
      <marc:subfield code="b">HsdE</marc:subfield>
      <marc:subfield code="c">Ljudbok</marc:subfield>
      <marc:subfield code="x">origin:Elib</marc:subfield>
      <marc:subfield code="z">Dator (138.63 MB)</marc:subfield>
      <marc:subfield code="z">iOS (138.63 MB)</marc:subfield>
      <marc:subfield code="z">Android (app) (138.63 MB)</marc:subfield>
    </marc:datafield>
    <marc:datafield tag="850" ind1=" " ind2=" ">
      <marc:subfield code="5">Leru</marc:subfield>
      <marc:subfield code="b">Leru</marc:subfield>
      <marc:subfield code="c">Ljudbok</marc:subfield>
      <marc:subfield code="x">origin:Elib</marc:subfield>
      <marc:subfield code="z">Dator (138.63 MB)</marc:subfield>
      <marc:subfield code="z">iOS (138.63 MB)</marc:subfield>
      <marc:subfield code="z">Android (app) (138.63 MB)</marc:subfield>
    </marc:datafield>
    <marc:datafield tag="850" ind1=" " ind2=" ">
      <marc:subfield code="5">Less</marc:subfield>
      <marc:subfield code="b">Less</marc:subfield>
      <marc:subfield code="c">Ljudbok</marc:subfield>
      <marc:subfield code="x">origin:Elib</marc:subfield>
      <marc:subfield code="z">Dator (138.63 MB)</marc:subfield>
      <marc:subfield code="z">iOS (138.63 MB)</marc:subfield>
      <marc:subfield code="z">Android (app) (138.63 MB)</marc:subfield>
    </marc:datafield>
    <marc:datafield tag="850" ind1=" " ind2=" ">
      <marc:subfield code="5">Lisb</marc:subfield>
      <marc:subfield code="b">Lisb</marc:subfield>
      <marc:subfield code="c">Ljudbok</marc:subfield>
      <marc:subfield code="x">origin:Elib</marc:subfield>
      <marc:subfield code="z">Dator (138.63 MB)</marc:subfield>
      <marc:subfield code="z">iOS (138.63 MB)</marc:subfield>
      <marc:subfield code="z">Android (app) (138.63 MB)</marc:subfield>
    </marc:datafield>
    <marc:datafield tag="850" ind1=" " ind2=" ">
      <marc:subfield code="5">Lyck</marc:subfield>
      <marc:subfield code="b">Lyck</marc:subfield>
      <marc:subfield code="c">Ljudbok</marc:subfield>
      <marc:subfield code="x">origin:Elib</marc:subfield>
      <marc:subfield code="z">Dator (138.63 MB)</marc:subfield>
      <marc:subfield code="z">iOS (138.63 MB)</marc:subfield>
      <marc:subfield code="z">Android (app) (138.63 MB)</marc:subfield>
    </marc:datafield>
    <marc:datafield tag="850" ind1=" " ind2=" ">
      <marc:subfield code="5">MoE</marc:subfield>
      <marc:subfield code="b">MoE</marc:subfield>
      <marc:subfield code="c">Ljudbok</marc:subfield>
      <marc:subfield code="x">origin:Elib</marc:subfield>
      <marc:subfield code="z">Dator (138.63 MB)</marc:subfield>
      <marc:subfield code="z">iOS (138.63 MB)</marc:subfield>
      <marc:subfield code="z">Android (app) (138.63 MB)</marc:subfield>
    </marc:datafield>
    <marc:datafield tag="850" ind1=" " ind2=" ">
      <marc:subfield code="5">Munk</marc:subfield>
      <marc:subfield code="b">Munk</marc:subfield>
      <marc:subfield code="c">Ljudbok</marc:subfield>
      <marc:subfield code="x">origin:Elib</marc:subfield>
      <marc:subfield code="z">Dator (138.63 MB)</marc:subfield>
      <marc:subfield code="z">iOS (138.63 MB)</marc:subfield>
      <marc:subfield code="z">Android (app) (138.63 MB)</marc:subfield>
    </marc:datafield>
    <marc:datafield tag="850" ind1=" " ind2=" ">
      <marc:subfield code="5">Nass</marc:subfield>
      <marc:subfield code="b">Nass</marc:subfield>
      <marc:subfield code="c">Ljudbok</marc:subfield>
      <marc:subfield code="x">origin:Elib</marc:subfield>
      <marc:subfield code="z">Dator (138.63 MB)</marc:subfield>
      <marc:subfield code="z">iOS (138.63 MB)</marc:subfield>
      <marc:subfield code="z">Android (app) (138.63 MB)</marc:subfield>
    </marc:datafield>
    <marc:datafield tag="850" ind1=" " ind2=" ">
      <marc:subfield code="5">Nyks</marc:subfield>
      <marc:subfield code="b">Nyks</marc:subfield>
      <marc:subfield code="c">Ljudbok</marc:subfield>
      <marc:subfield code="x">origin:Elib</marc:subfield>
      <marc:subfield code="z">Dator (138.63 MB)</marc:subfield>
      <marc:subfield code="z">iOS (138.63 MB)</marc:subfield>
      <marc:subfield code="z">Android (app) (138.63 MB)</marc:subfield>
    </marc:datafield>
    <marc:datafield tag="850" ind1=" " ind2=" ">
      <marc:subfield code="5">Okb</marc:subfield>
      <marc:subfield code="b">Okb</marc:subfield>
      <marc:subfield code="c">Ljudbok</marc:subfield>
      <marc:subfield code="x">origin:Elib</marc:subfield>
      <marc:subfield code="z">Dator (138.63 MB)</marc:subfield>
      <marc:subfield code="z">iOS (138.63 MB)</marc:subfield>
      <marc:subfield code="z">Android (app) (138.63 MB)</marc:subfield>
    </marc:datafield>
    <marc:datafield tag="850" ind1=" " ind2=" ">
      <marc:subfield code="5">Os</marc:subfield>
      <marc:subfield code="b">Os</marc:subfield>
      <marc:subfield code="c">Ljudbok</marc:subfield>
      <marc:subfield code="x">origin:Elib</marc:subfield>
      <marc:subfield code="z">Dator (138.63 MB)</marc:subfield>
      <marc:subfield code="z">iOS (138.63 MB)</marc:subfield>
      <marc:subfield code="z">Android (app) (138.63 MB)</marc:subfield>
    </marc:datafield>
    <marc:datafield tag="850" ind1=" " ind2=" ">
      <marc:subfield code="5">Oxel</marc:subfield>
      <marc:subfield code="b">Oxel</marc:subfield>
      <marc:subfield code="c">Ljudbok</marc:subfield>
      <marc:subfield code="x">origin:Elib</marc:subfield>
      <marc:subfield code="z">Dator (138.63 MB)</marc:subfield>
      <marc:subfield code="z">iOS (138.63 MB)</marc:subfield>
      <marc:subfield code="z">Android (app) (138.63 MB)</marc:subfield>
    </marc:datafield>
    <marc:datafield tag="850" ind1=" " ind2=" ">
      <marc:subfield code="5">Skkf</marc:subfield>
      <marc:subfield code="b">Skkf</marc:subfield>
      <marc:subfield code="c">Ljudbok</marc:subfield>
      <marc:subfield code="x">origin:Elib</marc:subfield>
      <marc:subfield code="z">Dator (138.63 MB)</marc:subfield>
      <marc:subfield code="z">iOS (138.63 MB)</marc:subfield>
      <marc:subfield code="z">Android (app) (138.63 MB)</marc:subfield>
    </marc:datafield>
    <marc:datafield tag="850" ind1=" " ind2=" ">
      <marc:subfield code="5">Soll</marc:subfield>
      <marc:subfield code="b">Soll</marc:subfield>
      <marc:subfield code="c">Ljudbok</marc:subfield>
      <marc:subfield code="x">origin:Elib</marc:subfield>
      <marc:subfield code="z">Dator (138.63 MB)</marc:subfield>
      <marc:subfield code="z">iOS (138.63 MB)</marc:subfield>
      <marc:subfield code="z">Android (app) (138.63 MB)</marc:subfield>
    </marc:datafield>
    <marc:datafield tag="850" ind1=" " ind2=" ">
      <marc:subfield code="5">Tanu</marc:subfield>
      <marc:subfield code="b">Tanu</marc:subfield>
      <marc:subfield code="c">Ljudbok</marc:subfield>
      <marc:subfield code="x">origin:Elib</marc:subfield>
      <marc:subfield code="z">Dator (138.63 MB)</marc:subfield>
      <marc:subfield code="z">iOS (138.63 MB)</marc:subfield>
      <marc:subfield code="z">Android (app) (138.63 MB)</marc:subfield>
    </marc:datafield>
    <marc:datafield tag="850" ind1=" " ind2=" ">
      <marc:subfield code="5">Tkb</marc:subfield>
      <marc:subfield code="b">Tkb</marc:subfield>
      <marc:subfield code="c">Ljudbok</marc:subfield>
      <marc:subfield code="x">origin:Elib</marc:subfield>
      <marc:subfield code="z">Dator (138.63 MB)</marc:subfield>
      <marc:subfield code="z">iOS (138.63 MB)</marc:subfield>
      <marc:subfield code="z">Android (app) (138.63 MB)</marc:subfield>
    </marc:datafield>
    <marc:datafield tag="850" ind1=" " ind2=" ">
      <marc:subfield code="5">Trel</marc:subfield>
      <marc:subfield code="b">Trel</marc:subfield>
      <marc:subfield code="c">Ljudbok</marc:subfield>
      <marc:subfield code="x">origin:Elib</marc:subfield>
      <marc:subfield code="z">Dator (138.63 MB)</marc:subfield>
      <marc:subfield code="z">iOS (138.63 MB)</marc:subfield>
      <marc:subfield code="z">Android (app) (138.63 MB)</marc:subfield>
    </marc:datafield>
    <marc:datafield tag="850" ind1=" " ind2=" ">
      <marc:subfield code="5">Um</marc:subfield>
      <marc:subfield code="b">Um</marc:subfield>
      <marc:subfield code="c">Ljudbok</marc:subfield>
      <marc:subfield code="x">origin:Elib</marc:subfield>
      <marc:subfield code="z">Dator (138.63 MB)</marc:subfield>
      <marc:subfield code="z">iOS (138.63 MB)</marc:subfield>
      <marc:subfield code="z">Android (app) (138.63 MB)</marc:subfield>
    </marc:datafield>
    <marc:datafield tag="856" ind1="4" ind2="2">
      <marc:subfield code="5">Afb</marc:subfield>
      <marc:subfield code="u">http://kulturivast.elib.se/Books/Details/1077180</marc:subfield>
      <marc:subfield code="x">origin:Elib</marc:subfield>
      <marc:subfield code="z">Låna från ditt bibliotek. Lånekort krävs.</marc:subfield>
    </marc:datafield>
    <marc:datafield tag="856" ind1="4" ind2="2">
      <marc:subfield code="5">Afb</marc:subfield>
      <marc:subfield code="u">https://samplefiles.elib.se/mp3/1077180/1077180_201901250000.mp3</marc:subfield>
      <marc:subfield code="x">origin:Elib</marc:subfield>
      <marc:subfield code="z">Provlyssna</marc:subfield>
    </marc:datafield>
    <marc:datafield tag="856" ind1="4" ind2="2">
      <marc:subfield code="5">Biv</marc:subfield>
      <marc:subfield code="u">https://samplefiles.elib.se/mp3/1077180/1077180_201901250000.mp3</marc:subfield>
      <marc:subfield code="x">origin:Elib</marc:subfield>
      <marc:subfield code="z">Provlyssna</marc:subfield>
    </marc:datafield>
    <marc:datafield tag="856" ind1="4" ind2="2">
      <marc:subfield code="5">BoE</marc:subfield>
      <marc:subfield code="u">https://samplefiles.elib.se/mp3/1077180/1077180_201901250000.mp3</marc:subfield>
      <marc:subfield code="x">origin:Elib</marc:subfield>
      <marc:subfield code="z">Provlyssna</marc:subfield>
    </marc:datafield>
    <marc:datafield tag="856" ind1="4" ind2="2">
      <marc:subfield code="5">GbgE</marc:subfield>
      <marc:subfield code="u">http://e-gotlib.elib.se/Books/Details/1077180</marc:subfield>
      <marc:subfield code="x">origin:Elib</marc:subfield>
      <marc:subfield code="z">Låna från ditt bibliotek. Lånekort krävs.</marc:subfield>
    </marc:datafield>
    <marc:datafield tag="856" ind1="4" ind2="2">
      <marc:subfield code="5">GbgE</marc:subfield>
      <marc:subfield code="u">https://samplefiles.elib.se/mp3/1077180/1077180_201901250000.mp3</marc:subfield>
      <marc:subfield code="x">origin:Elib</marc:subfield>
      <marc:subfield code="z">Provlyssna</marc:subfield>
    </marc:datafield>
    <marc:datafield tag="856" ind1="4" ind2="2">
      <marc:subfield code="5">Gnes</marc:subfield>
      <marc:subfield code="u">https://samplefiles.elib.se/mp3/1077180/1077180_201901250000.mp3</marc:subfield>
      <marc:subfield code="x">origin:Elib</marc:subfield>
      <marc:subfield code="z">Provlyssna</marc:subfield>
    </marc:datafield>
    <marc:datafield tag="856" ind1="4" ind2="2">
      <marc:subfield code="5">Gnos</marc:subfield>
      <marc:subfield code="u">https://samplefiles.elib.se/mp3/1077180/1077180_201901250000.mp3</marc:subfield>
      <marc:subfield code="x">origin:Elib</marc:subfield>
      <marc:subfield code="z">Provlyssna</marc:subfield>
    </marc:datafield>
    <marc:datafield tag="856" ind1="4" ind2="2">
      <marc:subfield code="5">Habo</marc:subfield>
      <marc:subfield code="u">https://samplefiles.elib.se/mp3/1077180/1077180_201901250000.mp3</marc:subfield>
      <marc:subfield code="x">origin:Elib</marc:subfield>
      <marc:subfield code="z">Provlyssna</marc:subfield>
    </marc:datafield>
    <marc:datafield tag="856" ind1="4" ind2="2">
      <marc:subfield code="5">Hamn</marc:subfield>
      <marc:subfield code="u">http://kulturivast.elib.se/Books/Details/1077180</marc:subfield>
      <marc:subfield code="x">origin:Elib</marc:subfield>
      <marc:subfield code="z">Låna från ditt bibliotek. Lånekort krävs.</marc:subfield>
    </marc:datafield>
    <marc:datafield tag="856" ind1="4" ind2="2">
      <marc:subfield code="5">Hamn</marc:subfield>
      <marc:subfield code="u">https://samplefiles.elib.se/mp3/1077180/1077180_201901250000.mp3</marc:subfield>
      <marc:subfield code="x">origin:Elib</marc:subfield>
      <marc:subfield code="z">Provlyssna</marc:subfield>
    </marc:datafield>
    <marc:datafield tag="856" ind1="4" ind2="2">
      <marc:subfield code="5">Harj</marc:subfield>
      <marc:subfield code="u">https://samplefiles.elib.se/mp3/1077180/1077180_201901250000.mp3</marc:subfield>
      <marc:subfield code="x">origin:Elib</marc:subfield>
      <marc:subfield code="z">Provlyssna</marc:subfield>
    </marc:datafield>
    <marc:datafield tag="856" ind1="4" ind2="2">
      <marc:subfield code="5">Hasb</marc:subfield>
      <marc:subfield code="u">https://samplefiles.elib.se/mp3/1077180/1077180_201901250000.mp3</marc:subfield>
      <marc:subfield code="x">origin:Elib</marc:subfield>
      <marc:subfield code="z">Provlyssna</marc:subfield>
    </marc:datafield>
    <marc:datafield tag="856" ind1="4" ind2="2">
      <marc:subfield code="5">Helg</marc:subfield>
      <marc:subfield code="u">https://samplefiles.elib.se/mp3/1077180/1077180_201901250000.mp3</marc:subfield>
      <marc:subfield code="x">origin:Elib</marc:subfield>
      <marc:subfield code="z">Provlyssna</marc:subfield>
    </marc:datafield>
    <marc:datafield tag="856" ind1="4" ind2="2">
      <marc:subfield code="5">HibE</marc:subfield>
      <marc:subfield code="u">http://hb.elib.se/Books/Details/1077180</marc:subfield>
      <marc:subfield code="x">origin:Elib</marc:subfield>
      <marc:subfield code="z">Låna från ditt bibliotek. Lånekort krävs.</marc:subfield>
    </marc:datafield>
    <marc:datafield tag="856" ind1="4" ind2="2">
      <marc:subfield code="5">HibE</marc:subfield>
      <marc:subfield code="u">https://samplefiles.elib.se/mp3/1077180/1077180_201901250000.mp3</marc:subfield>
      <marc:subfield code="x">origin:Elib</marc:subfield>
      <marc:subfield code="z">Provlyssna</marc:subfield>
    </marc:datafield>
    <marc:datafield tag="856" ind1="4" ind2="2">
      <marc:subfield code="5">HsdE</marc:subfield>
      <marc:subfield code="u">https://samplefiles.elib.se/mp3/1077180/1077180_201901250000.mp3</marc:subfield>
      <marc:subfield code="x">origin:Elib</marc:subfield>
      <marc:subfield code="z">Provlyssna</marc:subfield>
    </marc:datafield>
    <marc:datafield tag="856" ind1="4" ind2="2">
      <marc:subfield code="5">Leru</marc:subfield>
      <marc:subfield code="u">http://kulturivast.elib.se/Books/Details/1077180</marc:subfield>
      <marc:subfield code="x">origin:Elib</marc:subfield>
      <marc:subfield code="z">Låna från ditt bibliotek. Lånekort krävs.</marc:subfield>
    </marc:datafield>
    <marc:datafield tag="856" ind1="4" ind2="2">
      <marc:subfield code="5">Leru</marc:subfield>
      <marc:subfield code="u">https://samplefiles.elib.se/mp3/1077180/1077180_201901250000.mp3</marc:subfield>
      <marc:subfield code="x">origin:Elib</marc:subfield>
      <marc:subfield code="z">Provlyssna</marc:subfield>
    </marc:datafield>
    <marc:datafield tag="856" ind1="4" ind2="2">
      <marc:subfield code="5">Less</marc:subfield>
      <marc:subfield code="u">https://samplefiles.elib.se/mp3/1077180/1077180_201901250000.mp3</marc:subfield>
      <marc:subfield code="x">origin:Elib</marc:subfield>
      <marc:subfield code="z">Provlyssna</marc:subfield>
    </marc:datafield>
    <marc:datafield tag="856" ind1="4" ind2="2">
      <marc:subfield code="5">Lisb</marc:subfield>
      <marc:subfield code="u">https://samplefiles.elib.se/mp3/1077180/1077180_201901250000.mp3</marc:subfield>
      <marc:subfield code="x">origin:Elib</marc:subfield>
      <marc:subfield code="z">Provlyssna</marc:subfield>
    </marc:datafield>
    <marc:datafield tag="856" ind1="4" ind2="2">
      <marc:subfield code="5">Lyck</marc:subfield>
      <marc:subfield code="u">http://kulturivast.elib.se/Books/Details/1077180</marc:subfield>
      <marc:subfield code="x">origin:Elib</marc:subfield>
      <marc:subfield code="z">Låna från ditt bibliotek. Lånekort krävs.</marc:subfield>
    </marc:datafield>
    <marc:datafield tag="856" ind1="4" ind2="2">
      <marc:subfield code="5">Lyck</marc:subfield>
      <marc:subfield code="u">https://samplefiles.elib.se/mp3/1077180/1077180_201901250000.mp3</marc:subfield>
      <marc:subfield code="x">origin:Elib</marc:subfield>
      <marc:subfield code="z">Provlyssna</marc:subfield>
    </marc:datafield>
    <marc:datafield tag="856" ind1="4" ind2="2">
      <marc:subfield code="5">MoE</marc:subfield>
      <marc:subfield code="u">http://malmo.elib.se/Books/Details/1077180</marc:subfield>
      <marc:subfield code="x">origin:Elib</marc:subfield>
      <marc:subfield code="z">Låna från ditt bibliotek. Lånekort krävs.</marc:subfield>
    </marc:datafield>
    <marc:datafield tag="856" ind1="4" ind2="2">
      <marc:subfield code="5">MoE</marc:subfield>
      <marc:subfield code="u">https://samplefiles.elib.se/mp3/1077180/1077180_201901250000.mp3</marc:subfield>
      <marc:subfield code="x">origin:Elib</marc:subfield>
      <marc:subfield code="z">Provlyssna</marc:subfield>
    </marc:datafield>
    <marc:datafield tag="856" ind1="4" ind2="2">
      <marc:subfield code="5">Munk</marc:subfield>
      <marc:subfield code="u">http://kulturivast.elib.se/Books/Details/1077180</marc:subfield>
      <marc:subfield code="x">origin:Elib</marc:subfield>
      <marc:subfield code="z">Låna från ditt bibliotek. Lånekort krävs.</marc:subfield>
    </marc:datafield>
    <marc:datafield tag="856" ind1="4" ind2="2">
      <marc:subfield code="5">Munk</marc:subfield>
      <marc:subfield code="u">https://samplefiles.elib.se/mp3/1077180/1077180_201901250000.mp3</marc:subfield>
      <marc:subfield code="x">origin:Elib</marc:subfield>
      <marc:subfield code="z">Provlyssna</marc:subfield>
    </marc:datafield>
    <marc:datafield tag="856" ind1="4" ind2="2">
      <marc:subfield code="5">Nass</marc:subfield>
      <marc:subfield code="u">https://samplefiles.elib.se/mp3/1077180/1077180_201901250000.mp3</marc:subfield>
      <marc:subfield code="x">origin:Elib</marc:subfield>
      <marc:subfield code="z">Provlyssna</marc:subfield>
    </marc:datafield>
    <marc:datafield tag="856" ind1="4" ind2="2">
      <marc:subfield code="5">Nyks</marc:subfield>
      <marc:subfield code="u">http://sormland.elib.se/Books/Details/1077180</marc:subfield>
      <marc:subfield code="x">origin:Elib</marc:subfield>
      <marc:subfield code="z">Låna från ditt bibliotek. Lånekort krävs.</marc:subfield>
    </marc:datafield>
    <marc:datafield tag="856" ind1="4" ind2="2">
      <marc:subfield code="5">Nyks</marc:subfield>
      <marc:subfield code="u">https://samplefiles.elib.se/mp3/1077180/1077180_201901250000.mp3</marc:subfield>
      <marc:subfield code="x">origin:Elib</marc:subfield>
      <marc:subfield code="z">Provlyssna</marc:subfield>
    </marc:datafield>
    <marc:datafield tag="856" ind1="4" ind2="2">
      <marc:subfield code="5">Okb</marc:subfield>
      <marc:subfield code="u">https://samplefiles.elib.se/mp3/1077180/1077180_201901250000.mp3</marc:subfield>
      <marc:subfield code="x">origin:Elib</marc:subfield>
      <marc:subfield code="z">Provlyssna</marc:subfield>
    </marc:datafield>
    <marc:datafield tag="856" ind1="4" ind2="2">
      <marc:subfield code="5">Os</marc:subfield>
      <marc:subfield code="u">https://samplefiles.elib.se/mp3/1077180/1077180_201901250000.mp3</marc:subfield>
      <marc:subfield code="x">origin:Elib</marc:subfield>
      <marc:subfield code="z">Provlyssna</marc:subfield>
    </marc:datafield>
    <marc:datafield tag="856" ind1="4" ind2="2">
      <marc:subfield code="5">Oxel</marc:subfield>
      <marc:subfield code="u">https://samplefiles.elib.se/mp3/1077180/1077180_201901250000.mp3</marc:subfield>
      <marc:subfield code="x">origin:Elib</marc:subfield>
      <marc:subfield code="z">Provlyssna</marc:subfield>
    </marc:datafield>
    <marc:datafield tag="856" ind1="4" ind2="2">
      <marc:subfield code="5">Skkf</marc:subfield>
      <marc:subfield code="u">http://kulturivast.elib.se/Books/Details/1077180</marc:subfield>
      <marc:subfield code="x">origin:Elib</marc:subfield>
      <marc:subfield code="z">Låna från ditt bibliotek. Lånekort krävs.</marc:subfield>
    </marc:datafield>
    <marc:datafield tag="856" ind1="4" ind2="2">
      <marc:subfield code="5">Skkf</marc:subfield>
      <marc:subfield code="u">https://samplefiles.elib.se/mp3/1077180/1077180_201901250000.mp3</marc:subfield>
      <marc:subfield code="x">origin:Elib</marc:subfield>
      <marc:subfield code="z">Provlyssna</marc:subfield>
    </marc:datafield>
    <marc:datafield tag="856" ind1="4" ind2="2">
      <marc:subfield code="5">Soll</marc:subfield>
      <marc:subfield code="u">https://samplefiles.elib.se/mp3/1077180/1077180_201901250000.mp3</marc:subfield>
      <marc:subfield code="x">origin:Elib</marc:subfield>
      <marc:subfield code="z">Provlyssna</marc:subfield>
    </marc:datafield>
    <marc:datafield tag="856" ind1="4" ind2="2">
      <marc:subfield code="5">Tanu</marc:subfield>
      <marc:subfield code="u">http://kulturivast.elib.se/Books/Details/1077180</marc:subfield>
      <marc:subfield code="x">origin:Elib</marc:subfield>
      <marc:subfield code="z">Låna från ditt bibliotek. Lånekort krävs.</marc:subfield>
    </marc:datafield>
    <marc:datafield tag="856" ind1="4" ind2="2">
      <marc:subfield code="5">Tanu</marc:subfield>
      <marc:subfield code="u">https://samplefiles.elib.se/mp3/1077180/1077180_201901250000.mp3</marc:subfield>
      <marc:subfield code="x">origin:Elib</marc:subfield>
      <marc:subfield code="z">Provlyssna</marc:subfield>
    </marc:datafield>
    <marc:datafield tag="856" ind1="4" ind2="2">
      <marc:subfield code="5">Tkb</marc:subfield>
      <marc:subfield code="u">https://samplefiles.elib.se/mp3/1077180/1077180_201901250000.mp3</marc:subfield>
      <marc:subfield code="x">origin:Elib</marc:subfield>
      <marc:subfield code="z">Provlyssna</marc:subfield>
    </marc:datafield>
    <marc:datafield tag="856" ind1="4" ind2="2">
      <marc:subfield code="5">Trel</marc:subfield>
      <marc:subfield code="u">https://samplefiles.elib.se/mp3/1077180/1077180_201901250000.mp3</marc:subfield>
      <marc:subfield code="x">origin:Elib</marc:subfield>
      <marc:subfield code="z">Provlyssna</marc:subfield>
    </marc:datafield>
    <marc:datafield tag="856" ind1="4" ind2="2">
      <marc:subfield code="5">Um</marc:subfield>
      <marc:subfield code="u">https://samplefiles.elib.se/mp3/1077180/1077180_201901250000.mp3</marc:subfield>
      <marc:subfield code="x">origin:Elib</marc:subfield>
      <marc:subfield code="z">Provlyssna</marc:subfield>
    </marc:datafield>
    <marc:datafield tag="887" ind1=" " ind2=" ">
      <marc:subfield code="a">{"@id":"cmq9kc5l931mpsc1","modified":"2018-10-24T14:19:17.712+02:00","checksum":"49552372337"}</marc:subfield>
      <marc:subfield code="2">librisxl</marc:subfield>
    </marc:datafield>
    <marc:datafield tag="887" ind1=" " ind2=" ">
      <marc:subfield code="5">Afb</marc:subfield>
      <marc:subfield code="a">{"@id":"gq6fg4z6dmstqj6k","modified":"2019-01-25T14:22:10.04+01:00","checksum":"33490791888"}</marc:subfield>
      <marc:subfield code="2">librisxl</marc:subfield>
    </marc:datafield>
    <marc:datafield tag="887" ind1=" " ind2=" ">
      <marc:subfield code="5">Biv</marc:subfield>
      <marc:subfield code="a">{"@id":"6gx56vr24qk2b2lw","modified":"2019-01-25T14:22:11.95+01:00","checksum":"38879249407"}</marc:subfield>
      <marc:subfield code="2">librisxl</marc:subfield>
    </marc:datafield>
    <marc:datafield tag="887" ind1=" " ind2=" ">
      <marc:subfield code="5">BoE</marc:subfield>
      <marc:subfield code="a">{"@id":"r1hqrfcvp6mx9zl0","modified":"2019-01-25T14:22:12.177+01:00","checksum":"43300827332"}</marc:subfield>
      <marc:subfield code="2">librisxl</marc:subfield>
    </marc:datafield>
    <marc:datafield tag="887" ind1=" " ind2=" ">
      <marc:subfield code="5">Elib</marc:subfield>
      <marc:subfield code="a">{"@id":"pzfnpc61mwl3gkqn","modified":"2019-02-21T11:44:44.336+01:00","checksum":"31073883973"}</marc:subfield>
      <marc:subfield code="2">librisxl</marc:subfield>
    </marc:datafield>
    <marc:datafield tag="887" ind1=" " ind2=" ">
      <marc:subfield code="5">GbgE</marc:subfield>
      <marc:subfield code="a">{"@id":"z7pxzmjjws4mx136","modified":"2019-01-25T14:22:11.703+01:00","checksum":"27520124140"}</marc:subfield>
      <marc:subfield code="2">librisxl</marc:subfield>
    </marc:datafield>
    <marc:datafield tag="887" ind1=" " ind2=" ">
      <marc:subfield code="5">Gnes</marc:subfield>
      <marc:subfield code="a">{"@id":"ktcrqbgkhns4n1sj","modified":"2019-02-13T11:46:11.186+01:00","checksum":"34672045631"}</marc:subfield>
      <marc:subfield code="2">librisxl</marc:subfield>
    </marc:datafield>
    <marc:datafield tag="887" ind1=" " ind2=" ">
      <marc:subfield code="5">Gnos</marc:subfield>
      <marc:subfield code="a">{"@id":"nxdmnb62lrktscdd","modified":"2019-01-25T14:22:10.646+01:00","checksum":"37758828309"}</marc:subfield>
      <marc:subfield code="2">librisxl</marc:subfield>
    </marc:datafield>
    <marc:datafield tag="887" ind1=" " ind2=" ">
      <marc:subfield code="5">Habo</marc:subfield>
      <marc:subfield code="a">{"@id":"pzfnpc64mn71ns0t","modified":"2019-01-25T14:22:09.776+01:00","checksum":"36221183754"}</marc:subfield>
      <marc:subfield code="2">librisxl</marc:subfield>
    </marc:datafield>
    <marc:datafield tag="887" ind1=" " ind2=" ">
      <marc:subfield code="5">Hamn</marc:subfield>
      <marc:subfield code="a">{"@id":"3ct23rmd1wm3fj8j","modified":"2019-01-25T14:22:10.54+01:00","checksum":"37757337095"}</marc:subfield>
      <marc:subfield code="2">librisxl</marc:subfield>
    </marc:datafield>
    <marc:datafield tag="887" ind1=" " ind2=" ">
      <marc:subfield code="5">Harj</marc:subfield>
      <marc:subfield code="a">{"@id":"7hz67wsc545gnqks","modified":"2019-01-25T14:22:11.293+01:00","checksum":"41326217301"}</marc:subfield>
      <marc:subfield code="2">librisxl</marc:subfield>
    </marc:datafield>
    <marc:datafield tag="887" ind1=" " ind2=" ">
      <marc:subfield code="5">Hasb</marc:subfield>
      <marc:subfield code="a">{"@id":"q0gpqd9dnqskg71v","modified":"2019-01-25T14:22:11.786+01:00","checksum":"40787492806"}</marc:subfield>
      <marc:subfield code="2">librisxl</marc:subfield>
    </marc:datafield>
    <marc:datafield tag="887" ind1=" " ind2=" ">
      <marc:subfield code="5">Helg</marc:subfield>
      <marc:subfield code="a">{"@id":"mwclm955k1zf9ngl","modified":"2019-01-25T14:22:10.765+01:00","checksum":"39921142348"}</marc:subfield>
      <marc:subfield code="2">librisxl</marc:subfield>
    </marc:datafield>
    <marc:datafield tag="887" ind1=" " ind2=" ">
      <marc:subfield code="5">HibE</marc:subfield>
      <marc:subfield code="a">{"@id":"pzfnpc9wm6sskbfq","modified":"2019-01-25T14:22:12.268+01:00","checksum":"30281972793"}</marc:subfield>
      <marc:subfield code="2">librisxl</marc:subfield>
    </marc:datafield>
    <marc:datafield tag="887" ind1=" " ind2=" ">
      <marc:subfield code="5">HsdE</marc:subfield>
      <marc:subfield code="a">{"@id":"hr7gh528fh11v7mp","modified":"2019-01-25T14:22:11.87+01:00","checksum":"39570933152"}</marc:subfield>
      <marc:subfield code="2">librisxl</marc:subfield>
    </marc:datafield>
    <marc:datafield tag="887" ind1=" " ind2=" ">
      <marc:subfield code="5">Leru</marc:subfield>
      <marc:subfield code="a">{"@id":"4dv34smq28qj1mhb","modified":"2019-01-25T14:22:09.909+01:00","checksum":"32591054339"}</marc:subfield>
      <marc:subfield code="2">librisxl</marc:subfield>
    </marc:datafield>
    <marc:datafield tag="887" ind1=" " ind2=" ">
      <marc:subfield code="5">Less</marc:subfield>
      <marc:subfield code="a">{"@id":"z7pxzmhpw984rtg3","modified":"2019-01-25T14:22:10.956+01:00","checksum":"38534135863"}</marc:subfield>
      <marc:subfield code="2">librisxl</marc:subfield>
    </marc:datafield>
    <marc:datafield tag="887" ind1=" " ind2=" ">
      <marc:subfield code="5">Lisb</marc:subfield>
      <marc:subfield code="a">{"@id":"z7pxzmkzwx6c9n2h","modified":"2019-01-25T14:22:12.094+01:00","checksum":"39916979622"}</marc:subfield>
      <marc:subfield code="2">librisxl</marc:subfield>
    </marc:datafield>
    <marc:datafield tag="887" ind1=" " ind2=" ">
      <marc:subfield code="5">Lyck</marc:subfield>
      <marc:subfield code="a">{"@id":"4dv34sm021bpjq9t","modified":"2019-01-25T14:22:10.148+01:00","checksum":"30715337526"}</marc:subfield>
      <marc:subfield code="2">librisxl</marc:subfield>
    </marc:datafield>
    <marc:datafield tag="887" ind1=" " ind2=" ">
      <marc:subfield code="5">MoE</marc:subfield>
      <marc:subfield code="a">{"@id":"z7pxzmjfwl1kq337","modified":"2019-01-25T14:22:11.614+01:00","checksum":"31722266210"}</marc:subfield>
      <marc:subfield code="2">librisxl</marc:subfield>
    </marc:datafield>
    <marc:datafield tag="887" ind1=" " ind2=" ">
      <marc:subfield code="5">Munk</marc:subfield>
      <marc:subfield code="a">{"@id":"9k189ztc78jv8ws8","modified":"2019-01-25T14:22:10.336+01:00","checksum":"35315519854"}</marc:subfield>
      <marc:subfield code="2">librisxl</marc:subfield>
    </marc:datafield>
    <marc:datafield tag="887" ind1=" " ind2=" ">
      <marc:subfield code="5">Nass</marc:subfield>
      <marc:subfield code="a">{"@id":"r1hqrf9mpt45sh2t","modified":"2019-01-25T14:22:11.074+01:00","checksum":"38546230377"}</marc:subfield>
      <marc:subfield code="2">librisxl</marc:subfield>
    </marc:datafield>
    <marc:datafield tag="887" ind1=" " ind2=" ">
      <marc:subfield code="5">Nyks</marc:subfield>
      <marc:subfield code="a">{"@id":"js8hj64ggjbqhbn3","modified":"2019-01-25T14:22:12.021+01:00","checksum":"31669455046"}</marc:subfield>
      <marc:subfield code="2">librisxl</marc:subfield>
    </marc:datafield>
    <marc:datafield tag="887" ind1=" " ind2=" ">
      <marc:subfield code="5">Okb</marc:subfield>
      <marc:subfield code="a">{"@id":"hrbj06rlf9sg2bp2","modified":"2019-02-20T14:45:00.174+01:00","checksum":"39886918030"}</marc:subfield>
      <marc:subfield code="2">librisxl</marc:subfield>
    </marc:datafield>
    <marc:datafield tag="887" ind1=" " ind2=" ">
      <marc:subfield code="5">Os</marc:subfield>
      <marc:subfield code="a">{"@id":"2bw6p2qn0z2plwjb","modified":"2019-02-21T11:44:44.407+01:00","checksum":"35315420012"}</marc:subfield>
      <marc:subfield code="2">librisxl</marc:subfield>
    </marc:datafield>
    <marc:datafield tag="887" ind1=" " ind2=" ">
      <marc:subfield code="5">Oxel</marc:subfield>
      <marc:subfield code="a">{"@id":"kt9jk75wh673r7zp","modified":"2019-01-25T14:22:12.38+01:00","checksum":"42253075072"}</marc:subfield>
      <marc:subfield code="2">librisxl</marc:subfield>
    </marc:datafield>
    <marc:datafield tag="887" ind1=" " ind2=" ">
      <marc:subfield code="5">Skkf</marc:subfield>
      <marc:subfield code="a">{"@id":"js8hj62pgdd81c97","modified":"2019-01-25T14:22:10.431+01:00","checksum":"34663871440"}</marc:subfield>
      <marc:subfield code="2">librisxl</marc:subfield>
    </marc:datafield>
    <marc:datafield tag="887" ind1=" " ind2=" ">
      <marc:subfield code="5">Soll</marc:subfield>
      <marc:subfield code="a">{"@id":"w5mvwkgwtrkw9rct","modified":"2019-01-25T14:22:11.193+01:00","checksum":"34772077688"}</marc:subfield>
      <marc:subfield code="2">librisxl</marc:subfield>
    </marc:datafield>
    <marc:datafield tag="887" ind1=" " ind2=" ">
      <marc:subfield code="5">Tanu</marc:subfield>
      <marc:subfield code="a">{"@id":"6gx56vq54cctqd49","modified":"2019-01-25T14:22:10.24+01:00","checksum":"33055687377"}</marc:subfield>
      <marc:subfield code="2">librisxl</marc:subfield>
    </marc:datafield>
    <marc:datafield tag="887" ind1=" " ind2=" ">
      <marc:subfield code="5">Tkb</marc:subfield>
      <marc:subfield code="a">{"@id":"5fw45tqj3m2rtzhk","modified":"2019-01-25T14:22:11.5+01:00","checksum":"44832929491"}</marc:subfield>
      <marc:subfield code="2">librisxl</marc:subfield>
    </marc:datafield>
    <marc:datafield tag="887" ind1=" " ind2=" ">
      <marc:subfield code="5">Trel</marc:subfield>
      <marc:subfield code="a">{"@id":"fp5df30nck6fprql","modified":"2019-01-25T14:22:11.39+01:00","checksum":"39773462521"}</marc:subfield>
      <marc:subfield code="2">librisxl</marc:subfield>
    </marc:datafield>
    <marc:datafield tag="887" ind1=" " ind2=" ">
      <marc:subfield code="5">Um</marc:subfield>
      <marc:subfield code="a">{"@id":"js8hj625gnv2mzn7","modified":"2019-01-25T14:22:10.859+01:00","checksum":"32581851328"}</marc:subfield>
      <marc:subfield code="2">librisxl</marc:subfield>
    </marc:datafield>
  </marc:record>