
  <marc:record>
    <marc:leader>01969ngm a22004333a 4500</marc:leader>
    <marc:controlfield tag="001">13898597</marc:controlfield>
    <marc:controlfield tag="005">20160602092322.0</marc:controlfield>
    <marc:controlfield tag="007">vf cbaho|</marc:controlfield>
    <marc:controlfield tag="008">050314s2001    xxu051        |   vleng  </marc:controlfield>
    <marc:datafield tag="041" ind1="1" ind2=" ">
      <marc:subfield code="h">eng</marc:subfield>
    </marc:datafield>
    <marc:datafield tag="100" ind1="1" ind2=" ">
      <marc:subfield code="a">Christie, Agatha,</marc:subfield>
      <marc:subfield code="d">1890-1976</marc:subfield>
      <marc:subfield code="0">http://viaf.org/viaf/71388952</marc:subfield>
      <marc:subfield code="4">aut</marc:subfield>
    </marc:datafield>
    <marc:datafield tag="240" ind1="1" ind2=" ">
      <marc:subfield code="a">Agatha Christie's Poirot</marc:subfield>
      <marc:subfield code="1">http://viaf.org/viaf/183348963</marc:subfield>
    </marc:datafield>
    <marc:datafield tag="245" ind1="0" ind2="0">
      <marc:subfield code="a">Agatha Christie's Poirot.</marc:subfield>
      <marc:subfield code="p">Four and twenty blackbirds /</marc:subfield>
      <marc:subfield code="c">[produced by] London Weekend Television ; director, Renny Rye ; producer, Brian Eastman ; dramatized by Clive Exton.</marc:subfield>
    </marc:datafield>
    <marc:datafield tag="260" ind1=" " ind2=" ">
      <marc:subfield code="a">Great Britain :</marc:subfield>
      <marc:subfield code="b">LWT,</marc:subfield>
      <marc:subfield code="c">1989 ;</marc:subfield>
      <marc:subfield code="a">United States :</marc:subfield>
      <marc:subfield code="b">Acorn Media,</marc:subfield>
      <marc:subfield code="c">2001.</marc:subfield>
    </marc:datafield>
    <marc:datafield tag="300" ind1=" " ind2=" ">
      <marc:subfield code="a">1 videocassette of 1 (VHS) (ca. 51 min.) :</marc:subfield>
      <marc:subfield code="b">sd., col. ;</marc:subfield>
      <marc:subfield code="c">1/2 in.</marc:subfield>
      <marc:subfield code="3">viewing copy.</marc:subfield>
    </marc:datafield>
    <marc:datafield tag="300" ind1=" " ind2=" ">
      <marc:subfield code="a">3 videocassettes (ca. 51 min. each) :</marc:subfield>
      <marc:subfield code="b">sd., col. ;</marc:subfield>
      <marc:subfield code="c">1/2 in.</marc:subfield>
    </marc:datafield>
    <marc:datafield tag="336" ind1=" " ind2=" ">
      <marc:subfield code="a">two-dimensional moving picture</marc:subfield>
      <marc:subfield code="b">tdm</marc:subfield>
      <marc:subfield code="2">rdacontent</marc:subfield>
      <marc:subfield code="0">http://rdaregistry.info/termList/RDAContentType/1023</marc:subfield>
    </marc:datafield>
    <marc:datafield tag="337" ind1=" " ind2=" ">
      <marc:subfield code="a">video</marc:subfield>
      <marc:subfield code="b">v</marc:subfield>
      <marc:subfield code="2">rdamedia</marc:subfield>
      <marc:subfield code="0">http://rdaregistry.info/termList/RDAMediaType/1008</marc:subfield>
    </marc:datafield>
    <marc:datafield tag="338" ind1=" " ind2=" ">
      <marc:subfield code="a">videocassette</marc:subfield>
      <marc:subfield code="b">vf</marc:subfield>
      <marc:subfield code="2">rdacarrier</marc:subfield>
      <marc:subfield code="0">http://rdaregistry.info/termList/RDACarrierType/1052</marc:subfield>
    </marc:datafield>
    <marc:datafield tag="380" ind1=" " ind2=" ">
      <marc:subfield code="a">motion picture</marc:subfield>
      <marc:subfield code="0">http://id.loc.gov/vocabulary/marcgt/mot</marc:subfield>
      <marc:subfield code="2">marcgt</marc:subfield>
    </marc:datafield>
    <marc:datafield tag="511" ind1="1" ind2=" ">
      <marc:subfield code="a">David Suchet, Hugh Fraser, Philip Jackson, Pauline Moran.</marc:subfield>
    </marc:datafield>
    <marc:datafield tag="520" ind1=" " ind2=" ">
      <marc:subfield code="a">While having dinner with his dentist at a London chophouse, Poirot discovers not only a sensitive bicupspid, but also a mysterious fellow diner whose sudden change of diet may hold the clue that brings a killer to justice.</marc:subfield>
    </marc:datafield>
    <marc:datafield tag="600" ind1="1" ind2="0">
      <marc:subfield code="a">Poirot, Hercule</marc:subfield>
      <marc:subfield code="c">(Fictitious character)</marc:subfield>
      <marc:subfield code="0">http://viaf.org/viaf/111145541825196601000</marc:subfield>
      <marc:subfield code="4">oth</marc:subfield>
    </marc:datafield>
    <marc:datafield tag="655" ind1=" " ind2="7">
      <marc:subfield code="a">Mystery.</marc:subfield>
      <marc:subfield code="2">migfg</marc:subfield>
    </marc:datafield>
    <marc:datafield tag="655" ind1=" " ind2="7">
      <marc:subfield code="a">Television series.</marc:subfield>
      <marc:subfield code="2">migfg</marc:subfield>
    </marc:datafield>
    <marc:datafield tag="700" ind1="1" ind2=" ">
      <marc:subfield code="a">Rye, Renny,</marc:subfield>
      <marc:subfield code="e">direction.</marc:subfield>
      <marc:subfield code="0">https://www.imdb.com/name/nm0002723</marc:subfield>
      <marc:subfield code="4">tld</marc:subfield>
    </marc:datafield>
    <marc:datafield tag="700" ind1="1" ind2=" ">
      <marc:subfield code="a">Eastman, Brian,</marc:subfield>
      <marc:subfield code="e">production.</marc:subfield>
      <marc:subfield code="0">https://www.imdb.com/name/nm0247626</marc:subfield>
      <marc:subfield code="4">tlp</marc:subfield>
    </marc:datafield>
    <marc:datafield tag="700" ind1="1" ind2=" ">
      <marc:subfield code="a">Exton, Clive,</marc:subfield>
      <marc:subfield code="e">writing.</marc:subfield>
      <marc:subfield code="0">https://www.imdb.com/name/nm0264088</marc:subfield>
      <marc:subfield code="4">aus</marc:subfield>
    </marc:datafield>
    <marc:datafield tag="700" ind1="1" ind2=" ">
      <marc:subfield code="a">Suchet, David,</marc:subfield>
      <marc:subfield code="e">cast.</marc:subfield>
      <marc:subfield code="0">https://www.imdb.com/name/nm0837064</marc:subfield>
      <marc:subfield code="4">act</marc:subfield>
    </marc:datafield>
    <marc:datafield tag="700" ind1="1" ind2=" ">
      <marc:subfield code="a">Fraser, Hugh,</marc:subfield>
      <marc:subfield code="e">cast.</marc:subfield>
      <marc:subfield code="0">https://www.imdb.com/name/nm0292140</marc:subfield>
      <marc:subfield code="4">act</marc:subfield>
    </marc:datafield>
    <marc:datafield tag="700" ind1="1" ind2=" ">
      <marc:subfield code="a">Jackson, Philip,</marc:subfield>
      <marc:subfield code="e">cast.</marc:subfield>
      <marc:subfield code="0">https://www.imdb.com/name/nm0413946</marc:subfield>
      <marc:subfield code="4">act</marc:subfield>
    </marc:datafield>
    <marc:datafield tag="700" ind1="1" ind2=" ">
      <marc:subfield code="a">Moran, Pauline,</marc:subfield>
      <marc:subfield code="e">cast.</marc:subfield>
      <marc:subfield code="0">https://www.imdb.com/name/nm0602954</marc:subfield>
      <marc:subfield code="4">act</marc:subfield>
    </marc:datafield>
    <marc:datafield tag="700" ind1="1" ind2=" ">
      <marc:subfield code="a">Christie, Agatha,</marc:subfield>
      <marc:subfield code="d">1890-1976.</marc:subfield>
      <marc:subfield code="0">http://viaf.org/viaf/71388952</marc:subfield>
      <marc:subfield code="4">aut</marc:subfield>
    </marc:datafield>
    <marc:datafield tag="710" ind1="2" ind2=" ">
      <marc:subfield code="a">London Weekend Television (Firm)</marc:subfield>
    </marc:datafield>
    <marc:datafield tag="710" ind1="2" ind2=" ">
      <marc:subfield code="a">Copyright Collection (Library of Congress)</marc:subfield>
      <marc:subfield code="5">DLC</marc:subfield>
    </marc:datafield>
  </marc:record>