
  <marc:record>
    <marc:leader>02716ngm a22006497a 4500</marc:leader>
    <marc:controlfield tag="001">11534780</marc:controlfield>
    <marc:controlfield tag="005">20090615161022.0</marc:controlfield>
    <marc:controlfield tag="007">vfubcahru</marc:controlfield>
    <marc:controlfield tag="007">vfubeahpu</marc:controlfield>
    <marc:controlfield tag="007">mrubub-du</marc:controlfield>
    <marc:controlfield tag="007">mrunzaadu</marc:controlfield>
    <marc:controlfield tag="007">mrunzaadu</marc:controlfield>
    <marc:controlfield tag="008">900608s1950    xxu060            mleng  </marc:controlfield>
    <marc:datafield tag="041" ind1="1" ind2=" ">
      <marc:subfield code="h">eng</marc:subfield>
    </marc:datafield>
    <marc:datafield tag="100" ind1="1" ind2=" ">
      <marc:subfield code="a">Christie, Agatha,</marc:subfield>
      <marc:subfield code="d">1890-1976</marc:subfield>
      <marc:subfield code="1">http://viaf.org/viaf/71388952</marc:subfield>
      <marc:subfield code="4">aut</marc:subfield>
    </marc:datafield>
    <marc:datafield tag="240" ind1="1" ind2=" ">
      <marc:subfield code="a">Murder on the Nile</marc:subfield>
      <marc:subfield code="1">http://viaf.org/viaf/5617151474952800490005</marc:subfield>
    </marc:datafield>
    <marc:datafield tag="245" ind1="0" ind2="0">
      <marc:subfield code="a">Kraft television theatre.</marc:subfield>
      <marc:subfield code="p">Murder on the Nile /</marc:subfield>
      <marc:subfield code="c">NBC Television.</marc:subfield>
    </marc:datafield>
    <marc:datafield tag="260" ind1=" " ind2=" ">
      <marc:subfield code="a">United States :</marc:subfield>
      <marc:subfield code="b">NBC Television Network,</marc:subfield>
      <marc:subfield code="c">1950-07-12.</marc:subfield>
    </marc:datafield>
    <marc:datafield tag="300" ind1=" " ind2=" ">
      <marc:subfield code="a">1 videocassette of 1 (ca. 60 min.) :</marc:subfield>
      <marc:subfield code="b">sd., b&amp;w ;</marc:subfield>
      <marc:subfield code="c">3/4 in. viewing copy.</marc:subfield>
    </marc:datafield>
    <marc:datafield tag="300" ind1=" " ind2=" ">
      <marc:subfield code="a">1 videoreel of 1 (ca. 60 min.) :</marc:subfield>
      <marc:subfield code="b">sd., b&amp;w ;</marc:subfield>
      <marc:subfield code="c">1 in. master.</marc:subfield>
    </marc:datafield>
    <marc:datafield tag="300" ind1=" " ind2=" ">
      <marc:subfield code="a">2 reels of 2 (ca. 2160 ft.) :</marc:subfield>
      <marc:subfield code="b">si., b&amp;w ;</marc:subfield>
      <marc:subfield code="c">16 mm. arch neg.</marc:subfield>
    </marc:datafield>
    <marc:datafield tag="300" ind1=" " ind2=" ">
      <marc:subfield code="a">2 reels of 2 (ca. 2160 ft.) :</marc:subfield>
      <marc:subfield code="b">sd. ;</marc:subfield>
      <marc:subfield code="c">16 mm. neg trk.</marc:subfield>
    </marc:datafield>
    <marc:datafield tag="300" ind1=" " ind2=" ">
      <marc:subfield code="a">2 reels of 2 (ca. 2160 ft.) :</marc:subfield>
      <marc:subfield code="b">sd. ;</marc:subfield>
      <marc:subfield code="c">16 mm. pos trk.</marc:subfield>
    </marc:datafield>
    <marc:datafield tag="336" ind1=" " ind2=" ">
      <marc:subfield code="a">two-dimensional moving picture</marc:subfield>
      <marc:subfield code="b">tdm</marc:subfield>
      <marc:subfield code="2">rdacontent</marc:subfield>
      <marc:subfield code="0">http://rdaregistry.info/termList/RDAContentType/1023</marc:subfield>
    </marc:datafield>
    <marc:datafield tag="337" ind1=" " ind2=" ">
      <marc:subfield code="a">video</marc:subfield>
      <marc:subfield code="b">v</marc:subfield>
      <marc:subfield code="2">rdamedia</marc:subfield>
      <marc:subfield code="0">http://rdaregistry.info/termList/RDAMediaType/1008</marc:subfield>
    </marc:datafield>
    <marc:datafield tag="338" ind1=" " ind2=" ">
      <marc:subfield code="a">videotape reel</marc:subfield>
      <marc:subfield code="b">vr</marc:subfield>
      <marc:subfield code="2">rdacarrier</marc:subfield>
      <marc:subfield code="0">http://rdaregistry.info/termList/RDACarrierType/1053</marc:subfield>
    </marc:datafield>
    <marc:datafield tag="380" ind1=" " ind2=" ">
      <marc:subfield code="a">motion picture</marc:subfield>
      <marc:subfield code="0">http://id.loc.gov/vocabulary/marcgt/mot</marc:subfield>
      <marc:subfield code="2">marcgt</marc:subfield>
    </marc:datafield>
    <marc:datafield tag="511" ind1="1" ind2=" ">
      <marc:subfield code="a">Lex Richards, Patricia Wheel, Guy Spaull.</marc:subfield>
    </marc:datafield>
    <marc:datafield tag="655" ind1=" " ind2="7">
      <marc:subfield code="a">Television.</marc:subfield>
      <marc:subfield code="2">mim</marc:subfield>
    </marc:datafield>
    <marc:datafield tag="655" ind1=" " ind2="7">
      <marc:subfield code="a">Anthologies.</marc:subfield>
      <marc:subfield code="2">mim</marc:subfield>
    </marc:datafield>
    <marc:datafield tag="655" ind1=" " ind2="7">
      <marc:subfield code="a">Plays.</marc:subfield>
      <marc:subfield code="2">mim</marc:subfield>
    </marc:datafield>
    <marc:datafield tag="655" ind1=" " ind2="7">
      <marc:subfield code="a">Adaptations.</marc:subfield>
      <marc:subfield code="2">mim</marc:subfield>
    </marc:datafield>
    <marc:datafield tag="700" ind1="1" ind2=" ">
      <marc:subfield code="a">Richards, Lexford,</marc:subfield>
      <marc:subfield code="e">cast.</marc:subfield>
      <marc:subfield code="0">https://www.imdb.com/name/nm0724214</marc:subfield>
      <marc:subfield code="4">act</marc:subfield>
    </marc:datafield>
    <marc:datafield tag="700" ind1="1" ind2=" ">
      <marc:subfield code="a">Wheel, Patricia,</marc:subfield>
      <marc:subfield code="e">cast.</marc:subfield>
      <marc:subfield code="0">https://www.imdb.com/name/nm0923742</marc:subfield>
      <marc:subfield code="4">act</marc:subfield>
    </marc:datafield>
    <marc:datafield tag="700" ind1="1" ind2=" ">
      <marc:subfield code="a">Spaull, Guy,</marc:subfield>
      <marc:subfield code="e">cast.</marc:subfield>
      <marc:subfield code="0">https://www.imdb.com/name/nm0817229</marc:subfield>
      <marc:subfield code="4">act</marc:subfield>
    </marc:datafield>
    <marc:datafield tag="700" ind1="1" ind2=" ">
      <marc:subfield code="a">Christie, Agatha,</marc:subfield>
      <marc:subfield code="d">1890-1976.</marc:subfield>
      <marc:subfield code="0">http://viaf.org/viaf/71388952</marc:subfield>
      <marc:subfield code="4">aut</marc:subfield>
    </marc:datafield>
    <marc:datafield tag="710" ind1="2" ind2=" ">
      <marc:subfield code="a">NBC Television Collection (Library of Congress)</marc:subfield>
      <marc:subfield code="5">DLC</marc:subfield>
    </marc:datafield>
  </marc:record>