
  <marc:record>
    <marc:leader>02887ngm a22005177a 4500</marc:leader>
    <marc:controlfield tag="001">14063096</marc:controlfield>
    <marc:controlfield tag="005">20160329155700.0</marc:controlfield>
    <marc:controlfield tag="007">vf bbahou</marc:controlfield>
    <marc:controlfield tag="008">050803s1952    xxu060            vleng  </marc:controlfield>
    <marc:datafield tag="041" ind1="1" ind2=" ">
      <marc:subfield code="h">eng</marc:subfield>
    </marc:datafield>
    <marc:datafield tag="100" ind1="1" ind2=" ">
      <marc:subfield code="a">Christie, Agatha,</marc:subfield>
      <marc:subfield code="d">1890-1976</marc:subfield>
      <marc:subfield code="1">http://viaf.org/viaf/71388952</marc:subfield>
      <marc:subfield code="4">aut</marc:subfield>
    </marc:datafield>
    <marc:datafield tag="240" ind1="1" ind2=" ">
      <marc:subfield code="a">They came to Baghdad</marc:subfield>
      <marc:subfield code="1">http://viaf.org/viaf/177961513</marc:subfield>
    </marc:datafield>
    <marc:datafield tag="245" ind1="0" ind2="0">
      <marc:subfield code="a">Studio one.</marc:subfield>
      <marc:subfield code="p">They came to Baghdad / a CBS Television Network production ; directed by Paul Nickell ; produced by Donald Davis with Dorothy Mathews ; adapted for television by Theodore Sturgeon.</marc:subfield>
    </marc:datafield>
    <marc:datafield tag="260" ind1=" " ind2=" ">
      <marc:subfield code="a">United States :</marc:subfield>
      <marc:subfield code="b">CBS,</marc:subfield>
      <marc:subfield code="c">1952-05-12.</marc:subfield>
    </marc:datafield>
    <marc:datafield tag="300" ind1=" " ind2=" ">
      <marc:subfield code="a">1 videocassette of 1 (VHS) (ca. 60 min.) :</marc:subfield>
      <marc:subfield code="b">sd., b&amp;w ;</marc:subfield>
      <marc:subfield code="c">1/2 in.</marc:subfield>
      <marc:subfield code="3">viewing copy.</marc:subfield>
    </marc:datafield>
    <marc:datafield tag="336" ind1=" " ind2=" ">
      <marc:subfield code="a">two-dimensional moving picture</marc:subfield>
      <marc:subfield code="b">tdm</marc:subfield>
      <marc:subfield code="2">rdacontent</marc:subfield>
      <marc:subfield code="0">http://rdaregistry.info/termList/RDAContentType/1023</marc:subfield>
    </marc:datafield>
    <marc:datafield tag="337" ind1=" " ind2=" ">
      <marc:subfield code="a">video</marc:subfield>
      <marc:subfield code="b">v</marc:subfield>
      <marc:subfield code="2">rdamedia</marc:subfield>
      <marc:subfield code="0">http://rdaregistry.info/termList/RDAMediaType/1008</marc:subfield>
    </marc:datafield>
    <marc:datafield tag="338" ind1=" " ind2=" ">
      <marc:subfield code="a">videocassette</marc:subfield>
      <marc:subfield code="b">vf</marc:subfield>
      <marc:subfield code="2">rdacarrier</marc:subfield>
      <marc:subfield code="0">http://rdaregistry.info/termList/RDACarrierType/1052</marc:subfield>
    </marc:datafield>
    <marc:datafield tag="380" ind1=" " ind2=" ">
      <marc:subfield code="a">motion picture</marc:subfield>
      <marc:subfield code="0">http://id.loc.gov/vocabulary/marcgt/mot</marc:subfield>
      <marc:subfield code="2">marcgt</marc:subfield>
    </marc:datafield>
    <marc:datafield tag="511" ind1="1" ind2=" ">
      <marc:subfield code="a">Richard Kiley, June Dayton, James Noble, Bramwell Fletcher, Elaine Ellis, Beatrice Arthur.</marc:subfield>
    </marc:datafield>
    <marc:datafield tag="520" ind1=" " ind2=" ">
      <marc:subfield code="a">Baghdad is the chosen location for a secret superpower summit, but an underground organization is plotting to sabotage the talks. Into this explosive situation stumbles Victoria Jones, a young woman with a yearning for adventure who gets more than she bargains for when a wounded secret agent dies in her hotel room. Now, if only she could make sense of his final words: "Lucifer... Basrah... Lefarge..."</marc:subfield>
    </marc:datafield>
    <marc:datafield tag="655" ind1=" " ind2="7">
      <marc:subfield code="a">Television adaptations.</marc:subfield>
      <marc:subfield code="2">lcgft</marc:subfield>
    </marc:datafield>
    <marc:datafield tag="655" ind1=" " ind2="7">
      <marc:subfield code="a">Anthology television programs.</marc:subfield>
      <marc:subfield code="2">lcgft</marc:subfield>
    </marc:datafield>
    <marc:datafield tag="655" ind1=" " ind2="7">
      <marc:subfield code="a">Detective and mystery television programs.</marc:subfield>
      <marc:subfield code="2">lcgft</marc:subfield>
    </marc:datafield>
    <marc:datafield tag="655" ind1=" " ind2="7">
      <marc:subfield code="a">Thrillers (Television programs).</marc:subfield>
      <marc:subfield code="2">lcgft</marc:subfield>
    </marc:datafield>
    <marc:datafield tag="655" ind1=" " ind2="7">
      <marc:subfield code="a">Fiction television programs.</marc:subfield>
      <marc:subfield code="2">lcgft</marc:subfield>
    </marc:datafield>
    <marc:datafield tag="700" ind1="1" ind2=" ">
      <marc:subfield code="a">Nickell, Paul,</marc:subfield>
      <marc:subfield code="e">direction.</marc:subfield>
      <marc:subfield code="0">https://www.imdb.com/name/nm0629999</marc:subfield>
      <marc:subfield code="4">tld</marc:subfield>
    </marc:datafield>
    <marc:datafield tag="700" ind1="1" ind2=" ">
      <marc:subfield code="a">Davis, Donald,</marc:subfield>
      <marc:subfield code="d">1904-1992,</marc:subfield>
      <marc:subfield code="e">production.</marc:subfield>
      <marc:subfield code="0">https://www.imdb.com/name/nm0204498</marc:subfield>
      <marc:subfield code="4">tlp</marc:subfield>
    </marc:datafield>
    <marc:datafield tag="700" ind1="1" ind2=" ">
      <marc:subfield code="a">Mathews, Dorothy,</marc:subfield>
      <marc:subfield code="d">1912-1977,</marc:subfield>
      <marc:subfield code="e">production.</marc:subfield>
      <marc:subfield code="0">https://www.imdb.com/name/nm0558629</marc:subfield>
      <marc:subfield code="4">tlp</marc:subfield>
    </marc:datafield>
    <marc:datafield tag="700" ind1="1" ind2=" ">
      <marc:subfield code="a">Kiley, Richard,</marc:subfield>
      <marc:subfield code="e">cast.</marc:subfield>
      <marc:subfield code="0">https://www.imdb.com/name/nm0453006</marc:subfield>
      <marc:subfield code="4">act</marc:subfield>
    </marc:datafield>
    <marc:datafield tag="700" ind1="1" ind2=" ">
      <marc:subfield code="a">Dayton, June,</marc:subfield>
      <marc:subfield code="e">cast.</marc:subfield>
      <marc:subfield code="0">https://www.imdb.com/name/nm0206761</marc:subfield>
      <marc:subfield code="4">act</marc:subfield>
    </marc:datafield>
    <marc:datafield tag="700" ind1="1" ind2=" ">
      <marc:subfield code="a">Noble, James,</marc:subfield>
      <marc:subfield code="d">1922-2016,</marc:subfield>
      <marc:subfield code="e">cast.</marc:subfield>
      <marc:subfield code="0">https://www.imdb.com/name/nm0633595</marc:subfield>
      <marc:subfield code="4">act</marc:subfield>
    </marc:datafield>
    <marc:datafield tag="700" ind1="1" ind2=" ">
      <marc:subfield code="a">Fletcher, Bramwell,</marc:subfield>
      <marc:subfield code="e">cast.</marc:subfield>
      <marc:subfield code="0">https://www.imdb.com/name/nm0281955</marc:subfield>
      <marc:subfield code="4">act</marc:subfield>
    </marc:datafield>
    <marc:datafield tag="700" ind1="1" ind2=" ">
      <marc:subfield code="a">Ellis, Elaine,</marc:subfield>
      <marc:subfield code="e">cast.</marc:subfield>
      <marc:subfield code="0">https://www.imdb.com/name/nm0254823</marc:subfield>
      <marc:subfield code="4">act</marc:subfield>
    </marc:datafield>
    <marc:datafield tag="700" ind1="1" ind2=" ">
      <marc:subfield code="a">Arthur, Beatrice,</marc:subfield>
      <marc:subfield code="e">cast.</marc:subfield>
      <marc:subfield code="0">https://www.imdb.com/name/nm0037735</marc:subfield>
      <marc:subfield code="4">act</marc:subfield>
    </marc:datafield>
    <marc:datafield tag="700" ind1="1" ind2="2">
      <marc:subfield code="a">Christie, Agatha,</marc:subfield>
      <marc:subfield code="d">1890-1976.</marc:subfield>
      <marc:subfield code="t">They came to Baghdad.</marc:subfield>
      <marc:subfield code="1">http://viaf.org/viaf/177961513</marc:subfield>
    </marc:datafield>
    <marc:datafield tag="710" ind1="2" ind2=" ">
      <marc:subfield code="a">CBS Television Network.</marc:subfield>
    </marc:datafield>
    <marc:datafield tag="710" ind1="2" ind2=" ">
      <marc:subfield code="a">Copyright Collection (Library of Congress)</marc:subfield>
      <marc:subfield code="5">DLC</marc:subfield>
    </marc:datafield>
  </marc:record>