
  <marc:record>
    <marc:leader>01799nam a22003493a 4500</marc:leader>
    <marc:controlfield tag="001">19262653</marc:controlfield>
    <marc:controlfield tag="005">20160906153511.0</marc:controlfield>
    <marc:controlfield tag="008">160906s1944    xxu           000 0deng  </marc:controlfield>
    <marc:datafield tag="041" ind1="1" ind2=" ">
      <marc:subfield code="h">eng</marc:subfield>
    </marc:datafield>
    <marc:datafield tag="100" ind1="1" ind2=" ">
      <marc:subfield code="a">Christie, Agatha,</marc:subfield>
      <marc:subfield code="d">1890-1976</marc:subfield>
      <marc:subfield code="1">http://viaf.org/viaf/71388952</marc:subfield>
      <marc:subfield code="4">aut</marc:subfield>
    </marc:datafield>
    <marc:datafield tag="240" ind1="1" ind2=" ">
      <marc:subfield code="a">Ten little Indians</marc:subfield>
      <marc:subfield code="1">http://viaf.org/viaf/313145424580486831117</marc:subfield>
    </marc:datafield>
    <marc:datafield tag="245" ind1="0" ind2="0">
      <marc:subfield code="a">Ten little Indians.</marc:subfield>
    </marc:datafield>
    <marc:datafield tag="260" ind1=" " ind2=" ">
      <marc:subfield code="c">1944.</marc:subfield>
    </marc:datafield>
    <marc:datafield tag="300" ind1=" " ind2=" ">
      <marc:subfield code="a">1 v. (theater program).</marc:subfield>
    </marc:datafield>
    <marc:datafield tag="336" ind1=" " ind2=" ">
      <marc:subfield code="a">two-dimensional moving picture</marc:subfield>
      <marc:subfield code="b">tdm</marc:subfield>
      <marc:subfield code="2">rdacontent</marc:subfield>
      <marc:subfield code="0">http://rdaregistry.info/termList/RDAContentType/1023</marc:subfield>
    </marc:datafield>
    <marc:datafield tag="337" ind1=" " ind2=" ">
      <marc:subfield code="a">video</marc:subfield>
      <marc:subfield code="b">v</marc:subfield>
      <marc:subfield code="2">rdamedia</marc:subfield>
      <marc:subfield code="0">http://rdaregistry.info/termList/RDAMediaType/1008</marc:subfield>
    </marc:datafield>
    <marc:datafield tag="338" ind1=" " ind2=" ">
      <marc:subfield code="a">unspecified</marc:subfield>
      <marc:subfield code="b">zu</marc:subfield>
      <marc:subfield code="2">rdacarrier</marc:subfield>
      <marc:subfield code="0">http://rdaregistry.info/termList/RDACarrierType/1050</marc:subfield>
    </marc:datafield>
    <marc:datafield tag="380" ind1=" " ind2=" ">
      <marc:subfield code="a">videorecording</marc:subfield>
      <marc:subfield code="0">http://id.loc.gov/vocabulary/marcgt/vid</marc:subfield>
      <marc:subfield code="2">marcgt</marc:subfield>
    </marc:datafield>
    <marc:datafield tag="520" ind1=" " ind2=" ">
      <marc:subfield code="a">National Theatre, E Street Theatre Corporation, Lessee, Edmund Plohn, manager. Messrs. Shubert in association with Albert de Courville present "Ten Little Indians" by Agatha Christie. Stagedy by Albert de Courville, settings and scenery by Howard Bay.</marc:subfield>
    </marc:datafield>
    <marc:datafield tag="655" ind1=" " ind2="7">
      <marc:subfield code="a">Theater programs</marc:subfield>
      <marc:subfield code="z">Washington (D.C.)</marc:subfield>
      <marc:subfield code="2">rbgenr</marc:subfield>
    </marc:datafield>
    <marc:datafield tag="655" ind1=" " ind2="7">
      <marc:subfield code="a">Theater programs</marc:subfield>
      <marc:subfield code="y">1944.</marc:subfield>
      <marc:subfield code="2">rbgenr</marc:subfield>
    </marc:datafield>
    <marc:datafield tag="700" ind1="1" ind2=" ">
      <marc:subfield code="a">Morgan, Claudia.</marc:subfield>
      <marc:subfield code="0">https://www.imdb.com/name/nm0604567</marc:subfield>
      <marc:subfield code="4">act</marc:subfield>
    </marc:datafield>
    <marc:datafield tag="700" ind1="1" ind2=" ">
      <marc:subfield code="a">Courville, Albert de,</marc:subfield>
      <marc:subfield code="d">1887-1960.</marc:subfield>
      <marc:subfield code="0">https://www.imdb.com/name/nm0184005</marc:subfield>
      <marc:subfield code="4">sgd</marc:subfield>
    </marc:datafield>
    <marc:datafield tag="700" ind1="1" ind2="2">
      <marc:subfield code="a">Christie, Agatha,</marc:subfield>
      <marc:subfield code="d">1890-1976.</marc:subfield>
      <marc:subfield code="t">And then there were none.</marc:subfield>
      <marc:subfield code="1">http://viaf.org/viaf/313145424580486831117</marc:subfield>
    </marc:datafield>
    <marc:datafield tag="710" ind1="2" ind2=" ">
      <marc:subfield code="a">E Street Theatre Corporation (Washington, D.C.)</marc:subfield>
    </marc:datafield>
    <marc:datafield tag="710" ind1="2" ind2=" ">
      <marc:subfield code="a">National Theatre Corporation (Washington, D.C.)</marc:subfield>
    </marc:datafield>
    <marc:datafield tag="710" ind1="2" ind2=" ">
      <marc:subfield code="a">Richard L. Coe Theater Programs Collection (Library of Congress)</marc:subfield>
      <marc:subfield code="5">DLC</marc:subfield>
    </marc:datafield>
  </marc:record>