
  <marc:record>
    <marc:leader>00925nam a22002771  4500</marc:leader>
    <marc:controlfield tag="001">6497536</marc:controlfield>
    <marc:controlfield tag="005">20050827170938.0</marc:controlfield>
    <marc:controlfield tag="008">780208s1950    enka          000 1 eng  </marc:controlfield>
    <marc:datafield tag="020" ind1=" " ind2=" ">
      <marc:subfield code="a">0573012911</marc:subfield>
    </marc:datafield>
    <marc:datafield tag="041" ind1="1" ind2=" ">
      <marc:subfield code="h">eng</marc:subfield>
    </marc:datafield>
      <marc:datafield tag="240" ind1="1" ind2=" ">
      <marc:subfield code="a">Agatha Christie's Murder at the vicarage</marc:subfield>
      <marc:subfield code="1">http://viaf.org/viaf/1846151051771433530005</marc:subfield>
    </marc:datafield>
    <marc:datafield tag="245" ind1="0" ind2="0">
      <marc:subfield code="a">Agatha Christie's Murder at the vicarage,</marc:subfield>
      <marc:subfield code="c">dramatized by Moie Charles and Barbara Toy.</marc:subfield>
    </marc:datafield>
    <marc:datafield tag="260" ind1=" " ind2=" ">
      <marc:subfield code="a">London,</marc:subfield>
      <marc:subfield code="b">French</marc:subfield>
      <marc:subfield code="c">[1950]</marc:subfield>
    </marc:datafield>
    <marc:datafield tag="300" ind1=" " ind2=" ">
      <marc:subfield code="a">83 p.</marc:subfield>
      <marc:subfield code="b">illus.</marc:subfield>
      <marc:subfield code="c">22 cm.</marc:subfield>
    </marc:datafield>
    <marc:datafield tag="336" ind1=" " ind2=" ">
      <marc:subfield code="a">text</marc:subfield>
      <marc:subfield code="b">txt</marc:subfield>
      <marc:subfield code="2">rdacontent</marc:subfield>
      <marc:subfield code="0">http://rdaregistry.info/termList/RDAContentType/1020</marc:subfield>
    </marc:datafield>
    <marc:datafield tag="337" ind1=" " ind2=" ">
      <marc:subfield code="a">unmediated</marc:subfield>
      <marc:subfield code="b">n</marc:subfield>
      <marc:subfield code="2">rdamedia</marc:subfield>
      <marc:subfield code="0">http://rdaregistry.info/termList/RDAMediaType/1007</marc:subfield>
    </marc:datafield>
    <marc:datafield tag="338" ind1=" " ind2=" ">
      <marc:subfield code="a">volume</marc:subfield>
      <marc:subfield code="b">nc</marc:subfield>
      <marc:subfield code="2">rdacarrier</marc:subfield>
      <marc:subfield code="0">http://rdaregistry.info/termList/RDACarrierType/1001</marc:subfield>
    </marc:datafield>
    <marc:datafield tag="380" ind1=" " ind2=" ">
      <marc:subfield code="a">short story</marc:subfield>
      <marc:subfield code="0">http://id.loc.gov/vocabulary/marcgt/sho</marc:subfield>
      <marc:subfield code="2">marcgt</marc:subfield>
    </marc:datafield>
    <marc:datafield tag="700" ind1="1" ind2=" ">
      <marc:subfield code="a">Toy, Barbara,</marc:subfield>
      <marc:subfield code="0">http://viaf.org/viaf/44874907</marc:subfield>
      <marc:subfield code="4">adp</marc:subfield>
      </marc:datafield>
       <marc:datafield tag="700" ind1="1" ind2=" ">
      <marc:subfield code="a">Charles, Moie.</marc:subfield>
      <marc:subfield code="0">http://viaf.org/viaf/27641208</marc:subfield>
      <marc:subfield code="4">adp</marc:subfield>
    </marc:datafield>
    <marc:datafield tag="700" ind1="1" ind2="2">
      <marc:subfield code="a">Christie, Agatha,</marc:subfield>
      <marc:subfield code="d">1890-1976.</marc:subfield>
      <marc:subfield code="t">Murder at the vicarage.</marc:subfield>
      <marc:subfield code="1">http://viaf.org/viaf/1846151051771433530005</marc:subfield>
      <marc:subfield code="4">aft</marc:subfield>
    </marc:datafield>
    <marc:datafield tag="700" ind1=" " ind2=" ">
      <marc:subfield code="a">Christie, Agatha</marc:subfield>
      <marc:subfield code="d">1890-1976</marc:subfield>
      <marc:subfield code="4">aut</marc:subfield>
      <marc:subfield code="0">http://viaf.org/viaf/71388952</marc:subfield>
    </marc:datafield> 
  </marc:record>