
  <marc:record>
    <marc:leader>00549nam a2200193u  4500</marc:leader>
    <marc:controlfield tag="001">10327773</marc:controlfield>
    <marc:controlfield tag="005">20000524152852.0</marc:controlfield>
    <marc:controlfield tag="008">810213s1963    enk           000 0 eng  </marc:controlfield>
    <marc:datafield tag="041" ind1="1" ind2=" ">
      <marc:subfield code="h">eng</marc:subfield>
    </marc:datafield>
    <marc:datafield tag="100" ind1="1" ind2=" ">
      <marc:subfield code="a">Christie, Agatha,</marc:subfield>
      <marc:subfield code="d">1890-1976.</marc:subfield>
      <marc:subfield code="0">http://viaf.org/viaf/71388952</marc:subfield>
      <marc:subfield code="4">aut</marc:subfield>
    </marc:datafield>
    <marc:datafield tag="240" ind1="1" ind2=" ">
      <marc:subfield code="a">Afternoon at the seaside</marc:subfield>
      <marc:subfield code="1">http://example.org/verk/afternoonattheseaside</marc:subfield>
    </marc:datafield>
    <marc:datafield tag="245" ind1="1" ind2="0">
      <marc:subfield code="a">Afternoon at the seaside.</marc:subfield>
    </marc:datafield>
    <marc:datafield tag="260" ind1=" " ind2=" ">
      <marc:subfield code="a">London,</marc:subfield>
      <marc:subfield code="b">S. French</marc:subfield>
      <marc:subfield code="c">[1963]</marc:subfield>
    </marc:datafield>
    <marc:datafield tag="300" ind1=" " ind2=" ">
      <marc:subfield code="a">p. cm.</marc:subfield>
    </marc:datafield>
    <marc:datafield tag="336" ind1=" " ind2=" ">
      <marc:subfield code="a">text</marc:subfield>
      <marc:subfield code="b">txt</marc:subfield>
      <marc:subfield code="2">rdacontent</marc:subfield>
      <marc:subfield code="0">http://rdaregistry.info/termList/RDAContentType/1020</marc:subfield>
    </marc:datafield>
    <marc:datafield tag="337" ind1=" " ind2=" ">
      <marc:subfield code="a">unmediated</marc:subfield>
      <marc:subfield code="b">n</marc:subfield>
      <marc:subfield code="2">rdamedia</marc:subfield>
      <marc:subfield code="0">http://rdaregistry.info/termList/RDAMediaType/1007</marc:subfield>
    </marc:datafield>
    <marc:datafield tag="338" ind1=" " ind2=" ">
      <marc:subfield code="a">volume</marc:subfield>
      <marc:subfield code="b">nc</marc:subfield>
      <marc:subfield code="2">rdacarrier</marc:subfield>
      <marc:subfield code="0">http://rdaregistry.info/termList/RDACarrierType/1001</marc:subfield>
    </marc:datafield>
    <marc:datafield tag="380" ind1=" " ind2=" ">
      <marc:subfield code="a">manuscript</marc:subfield>
      <marc:subfield code="0">http://id.loc.gov/vocabulary/marcgt/man</marc:subfield>
      <marc:subfield code="2">marcgt</marc:subfield>
    </marc:datafield>
    <marc:datafield tag="700" ind1="1" ind2="2">
      <marc:subfield code="a">Christie, Agatha,</marc:subfield>
      <marc:subfield code="d">1890-1976.</marc:subfield>
      <marc:subfield code="0">http://viaf.org/viaf/71388952</marc:subfield>
    </marc:datafield>
  </marc:record>