
  <marc:record>
    <marc:leader>01978nam a2200397 a 450</marc:leader>
    <marc:controlfield tag="001">0192843</marc:controlfield>
    <marc:controlfield tag="008">100301b        no                1 nob</marc:controlfield>
    <marc:datafield tag="020" ind1=" " ind2=" ">
      <marc:subfield code="a">978-82-03-21040-2</marc:subfield>
      <marc:subfield code="c">Nkr 249.00</marc:subfield>
    </marc:datafield>
    <marc:datafield tag="041" ind1=" " ind2=" ">
      <marc:subfield code="h">eng</marc:subfield>
    </marc:datafield>
    <marc:datafield tag="082" ind1="1" ind2="4">
      <marc:subfield code="2">5</marc:subfield>
    </marc:datafield>
   <marc:datafield tag="100" ind1=" " ind2=" ">
      <marc:subfield code="a">Christie, Agatha</marc:subfield>
      <marc:subfield code="d">1890-1976</marc:subfield>
      <marc:subfield code="4">aut</marc:subfield>
      <marc:subfield code="0">http://viaf.org/viaf/71388952</marc:subfield>
    </marc:datafield>
    <marc:datafield tag="245" ind1="1" ind2="0">
      <marc:subfield code="a">Brevet som drepte ; Den forsvunne domprost ; Liket i biblioteket /</marc:subfield>
      <marc:subfield code="c">Agatha Christie ; oversatt av Mette Asbach, Jacob Brinchmann, Axel S. Seeberg</marc:subfield>
    </marc:datafield>
    <marc:datafield tag="260" ind1=" " ind2=" ">
      <marc:subfield code="a">Oslo</marc:subfield>
      <marc:subfield code="b">Aschehoug</marc:subfield>
      <marc:subfield code="c">2007</marc:subfield>
    </marc:datafield>
    <marc:datafield tag="300" ind1=" " ind2=" ">
      <marc:subfield code="a">635 s.</marc:subfield>
    </marc:datafield>
     <marc:datafield tag="336" ind1=" " ind2=" ">
      <marc:subfield code="a">text</marc:subfield>
      <marc:subfield code="b">txt</marc:subfield>
      <marc:subfield code="2">rdacontent</marc:subfield>
      <marc:subfield code="0">http://rdaregistry.info/termList/RDAContentType/1020</marc:subfield>
    </marc:datafield>
    <marc:datafield tag="337" ind1=" " ind2=" ">
      <marc:subfield code="a">unmediated</marc:subfield>
      <marc:subfield code="b">n</marc:subfield>
      <marc:subfield code="2">rdamedia</marc:subfield>
      <marc:subfield code="0">http://rdaregistry.info/termList/RDAMediaType/1007</marc:subfield>
    </marc:datafield>
    <marc:datafield tag="338" ind1=" " ind2=" ">
      <marc:subfield code="a">volume</marc:subfield>
      <marc:subfield code="b">nc</marc:subfield>
      <marc:subfield code="2">rdacarrier</marc:subfield>
      <marc:subfield code="0">http://rdaregistry.info/termList/RDACarrierType/1001</marc:subfield>
    </marc:datafield>
    <marc:datafield tag="380" ind1=" " ind2=" ">
      <marc:subfield code="a">novel</marc:subfield>
      <marc:subfield code="0">http://id.loc.gov/vocabulary/marcgt/nov</marc:subfield>
      <marc:subfield code="2">marcgt</marc:subfield>
    </marc:datafield>
    <marc:datafield tag="440" ind1=" " ind2="0">
      <marc:subfield code="a">Aschehoug gigant</marc:subfield>
    </marc:datafield>
    <marc:datafield tag="503" ind1=" " ind2=" ">
      <marc:subfield code="a">1. norske utg.: 1950 ; 1939 ; 1977</marc:subfield>
    </marc:datafield>
    <marc:datafield tag="574" ind1=" " ind2=" ">
      <marc:subfield code="a">Originaltitler: The secret of Chimneys ; At Bertram's Hotel ; The Body in the Library</marc:subfield>
    </marc:datafield>
    <marc:datafield tag="600" ind1="2" ind2="4">
      <marc:subfield code="a">Marple, Jane</marc:subfield>
      <marc:subfield code="0">http://viaf.org/viaf/20152329368502672984</marc:subfield>
      <marc:subfield code="4">oth</marc:subfield>
    </marc:datafield>
    <marc:datafield tag="655" ind1=" " ind2=" ">
      <marc:subfield code="a">Kriminal</marc:subfield>
    </marc:datafield>
    <marc:datafield tag="700" ind1=" " ind2=" ">
      <marc:subfield code="a">Asbach, Mette</marc:subfield>
      <marc:subfield code="e">overs.</marc:subfield>
      <marc:subfield code="4">trl</marc:subfield>
    </marc:datafield>
    <marc:datafield tag="700" ind1=" " ind2=" ">
      <marc:subfield code="a">Brinchmann, Jacob</marc:subfield>
      <marc:subfield code="d">1910-</marc:subfield>
      <marc:subfield code="e">overs.</marc:subfield>
      <marc:subfield code="4">trl</marc:subfield>
    </marc:datafield>
    <marc:datafield tag="700" ind1=" " ind2=" ">
      <marc:subfield code="a">Seeberg, Axel Segelcke </marc:subfield>
      <marc:subfield code="d">1914-1994</marc:subfield>
      <marc:subfield code="e">overs.</marc:subfield>
      <marc:subfield code="4">trl</marc:subfield>
      <marc:subfield code="0">http://viaf.org/viaf/288294356</marc:subfield>
    </marc:datafield>
    <marc:datafield tag="700" ind1=" " ind2=" ">
      <marc:subfield code="a">Christie, Agatha</marc:subfield>
      <marc:subfield code="d">1890-1976</marc:subfield>
      <marc:subfield code="4">aut</marc:subfield>
      <marc:subfield code="t">The secret of Chimneys</marc:subfield>
      <marc:subfield code="1">http://viaf.org/viaf/309260721</marc:subfield>
    </marc:datafield>
    <marc:datafield tag="700" ind1=" " ind2=" ">
      <marc:subfield code="a">Christie, Agatha</marc:subfield>
      <marc:subfield code="d">1890-1976</marc:subfield>
      <marc:subfield code="4">aut</marc:subfield>
      <marc:subfield code="t">At Bertram's Hotel</marc:subfield>
      <marc:subfield code="1">https://viaf.org/viaf/7037151474835800490008</marc:subfield>
    </marc:datafield>
    <marc:datafield tag="700" ind1=" " ind2=" ">
      <marc:subfield code="a">Christie, Agatha</marc:subfield>
      <marc:subfield code="d">1890-1976</marc:subfield>
      <marc:subfield code="4">aut</marc:subfield>
      <marc:subfield code="t">The Body in the Library</marc:subfield>
      <marc:subfield code="1">http://viaf.org/viaf/184645888</marc:subfield>
    </marc:datafield>
    <marc:datafield tag="740" ind1="0" ind2=" ">
      <marc:subfield code="a">Brevet som drepte</marc:subfield>
    </marc:datafield>
    <marc:datafield tag="740" ind1="0" ind2=" ">
      <marc:subfield code="a">Den forsvunne domprost</marc:subfield>
    </marc:datafield>
    <marc:datafield tag="740" ind1="0" ind2=" ">
      <marc:subfield code="a">Liket i biblioteket</marc:subfield>
    </marc:datafield>
    <marc:datafield tag="850" ind1=" " ind2=" ">
      <marc:subfield code="a">Ålesund bibliotek</marc:subfield>
      <marc:subfield code="b">Moa bibliotek Voksne</marc:subfield>
      <marc:subfield code="c">spenning</marc:subfield>
    </marc:datafield>
    <marc:datafield tag="850" ind1=" " ind2=" ">
      <marc:subfield code="a">Ålesund bibliotek</marc:subfield>
      <marc:subfield code="b">Ålesund bib Hoved Voksne</marc:subfield>
      <marc:subfield code="c">spenning</marc:subfield>
    </marc:datafield>
  </marc:record>