
  <marc:record>
    <marc:leader>01903nim a2200337 a 450</marc:leader>
    <marc:controlfield tag="001">0372012</marc:controlfield>
    <marc:controlfield tag="007">duuuuuuuuuuuu</marc:controlfield>
    <marc:controlfield tag="008">070626b                          1 nob</marc:controlfield>
    <marc:datafield tag="020" ind1=" " ind2=" ">
      <marc:subfield code="a">978-82-421-2139-4</marc:subfield>
    </marc:datafield>
    <marc:datafield tag="041" ind1=" " ind2=" ">
      <marc:subfield code="d">nor</marc:subfield>
      <marc:subfield code="h">eng</marc:subfield>
    </marc:datafield>
    <marc:datafield tag="100" ind1=" " ind2=" ">
      <marc:subfield code="a">Christie, Agatha</marc:subfield>
      <marc:subfield code="d">1890-1976</marc:subfield>
      <marc:subfield code="4">aut</marc:subfield>
      <marc:subfield code="0">http://viaf.org/viaf/71388952</marc:subfield>
    </marc:datafield> 
    <marc:datafield tag="240" ind1="1" ind2=" ">
      <marc:subfield code="a">At Bertram's Hotel</marc:subfield>
      <marc:subfield code="l">English</marc:subfield>
      <marc:subfield code="1">https://viaf.org/viaf/7037151474835800490008</marc:subfield>
    </marc:datafield>
    <marc:datafield tag="245" ind1="1" ind2="4">
      <marc:subfield code="a">Den forsvunne domprost </marc:subfield>
      <marc:subfield code="c">Agatha Christie ; oversatt av Jacob Brinchmann</marc:subfield>
      <marc:subfield code="h">lydopptak</marc:subfield>
    </marc:datafield>
    <marc:datafield tag="260" ind1=" " ind2=" ">
      <marc:subfield code="a">Melhus</marc:subfield>
      <marc:subfield code="b">Lydbokforl.</marc:subfield>
      <marc:subfield code="c">2007</marc:subfield>
    </marc:datafield>
    <marc:datafield tag="300" ind1=" " ind2=" ">
      <marc:subfield code="a">6 CD (6 t, 28 min)</marc:subfield>
    </marc:datafield>
    <marc:datafield tag="336" ind1=" " ind2=" ">
      <marc:subfield code="a">spoken word</marc:subfield>
      <marc:subfield code="b">spw</marc:subfield>
      <marc:subfield code="2">rdacontent</marc:subfield>
      <marc:subfield code="0">http://rdaregistry.info/termList/RDACarrierType/1013</marc:subfield>
    </marc:datafield>
    <marc:datafield tag="337" ind1=" " ind2=" ">
      <marc:subfield code="a">audio</marc:subfield>
      <marc:subfield code="b">s</marc:subfield>
      <marc:subfield code="2">rdamedia</marc:subfield>
      <marc:subfield code="0">http://rdaregistry.info/termList/RDAMediaType/1001</marc:subfield>
    </marc:datafield>
    <marc:datafield tag="338" ind1=" " ind2=" ">
      <marc:subfield code="a">audio disc</marc:subfield>
      <marc:subfield code="b">sd</marc:subfield>
      <marc:subfield code="2">rdacarrier</marc:subfield>
      <marc:subfield code="0">http://rdaregistry.info/termList/RDACarrierType/1004</marc:subfield>
    </marc:datafield>
    <marc:datafield tag="380" ind1=" " ind2=" ">
      <marc:subfield code="a">nonmusical sound</marc:subfield>
      <marc:subfield code="0">http://id.loc.gov/vocabulary/marcgt/nos</marc:subfield>
      <marc:subfield code="2">marcgt</marc:subfield>
    </marc:datafield>
    <marc:datafield tag="511" ind1="0" ind2=" ">
      <marc:subfield code="a">Lest av Kirsti Grundvig</marc:subfield>
    </marc:datafield>
    <marc:datafield tag="520" ind1=" " ind2=" ">
      <marc:subfield code="a">Miss Marple er på ferie i London og bor i det fornemme og meget veldrevne Bertrams hotell. Men den perfekte overflaten er kanskje litt for perfekt, og Miss Marple har en merkelig følelse av uro: Noe er galt. Da domprost Pennyfather på uforklarlig vis forsvinner fra hotellet, blir hennes anelser bekreftet...</marc:subfield>
    </marc:datafield>
    <marc:datafield tag="574" ind1=" " ind2=" ">
      <marc:subfield code="a">Originaltittel: At Bertram's hotel</marc:subfield>
    </marc:datafield>
    <marc:datafield tag="600" ind1="2" ind2="4">
      <marc:subfield code="a">Marple, Jane</marc:subfield>
      <marc:subfield code="0">http://viaf.org/viaf/20152329368502672984</marc:subfield>
      <marc:subfield code="4">oth</marc:subfield>
    </marc:datafield>
    <marc:datafield tag="650" ind1="2" ind2="4">
      <marc:subfield code="a">Marple, Jane</marc:subfield>
      <marc:subfield code="2">BS</marc:subfield>
    </marc:datafield>
    <marc:datafield tag="655" ind1=" " ind2=" ">
      <marc:subfield code="a">Kriminal</marc:subfield>
      <marc:subfield code="2">BS</marc:subfield>
    </marc:datafield>
    <marc:datafield tag="700" ind1=" " ind2=" ">
      <marc:subfield code="a">Brinchmann, Jacob </marc:subfield>
      <marc:subfield code="d">1910- </marc:subfield>
      <marc:subfield code="e">overs.</marc:subfield>
      <marc:subfield code="4">trl</marc:subfield>
    </marc:datafield>
    <marc:datafield tag="700" ind1=" " ind2=" ">
      <marc:subfield code="a">Grundvig, Kirsti </marc:subfield>
      <marc:subfield code="d">1947- </marc:subfield>
      <marc:subfield code="e">innl.</marc:subfield>
      <marc:subfield code="4">nrt</marc:subfield>
    </marc:datafield>
    <marc:datafield tag="850" ind1=" " ind2=" ">
      <marc:subfield code="a">Skedsmo bibliotek</marc:subfield>
      <marc:subfield code="b">Skedsmo bibl. Hovedbibl voksen</marc:subfield>
      <marc:subfield code="c">Lydbøker</marc:subfield>
    </marc:datafield>
    <marc:datafield tag="850" ind1=" " ind2=" ">
      <marc:subfield code="a">Skedsmo bibliotek</marc:subfield>
      <marc:subfield code="b">Skedsmo bibl. Hovedbibl voksen</marc:subfield>
      <marc:subfield code="c">Lydbøker</marc:subfield>
    </marc:datafield>
    <marc:datafield tag="850" ind1=" " ind2=" ">
      <marc:subfield code="a">Skedsmo bibliotek</marc:subfield>
      <marc:subfield code="b">Skedsmo bibl. Skedsmokorset voksen</marc:subfield>
      <marc:subfield code="c">Lydbøker</marc:subfield>
    </marc:datafield>
  </marc:record>